2452 3938
233 177 364 233 RERVM
381 177 620 233 RVSTICARVM
638 179 705 234 LIB.
722 178 761 232 III
780 185 868 234 9-10
992 180 1055 244 147

40 324 175 388 tendum
201 323 269 405 [iis]
292 327 420 408 tempus
444 327 495 388 est
517 323 724 406 aptissimum
748 346 768 388 a
790 324 913 407 bruma,
939 324 981 388 ad
1002 347 1058 409 pa-

40 413 189 478 riendum
204 415 238 477 et
250 413 466 476 incubandum
481 433 502 476 u
511 413 665 477 Kalendis
674 413 858 478 Februariis
872 413 917 478 vel
926 412 1058 478 Martiis

41 522 143 586 usque
168 501 208 565 ad
232 501 420 565 solstitium.
467 500 591 566 saliunt
613 499 679 565 fere
703 501 738 564 in
761 523 858 585 aqua,
888 501 1058 585 inignntnr

41 591 75 655 in
94 590 214 654 flumen
235 593 291 653 aut
308 590 475 672 piscinam.
501 589 649 674 singulae
667 611 731 653 non
750 592 823 673 plus
843 612 940 674 quam
954 594 1005 655 ter
1023 591 1058 654 in

16 699 130 744 ranno
158 678 299 761 pariunt.
336 677 479 762 singulis,
507 678 564 742 ubi
588 678 724 761 pariant,
752 678 935 742 faciendum
958 678 1057 742 haras

41 767 218 851 quadratas
244 767 363 830 circum
387 766 482 831 binos
502 765 599 850 pedes
619 769 652 830 et
672 766 885 850 semipedem3
909 788 963 831 eas
983 767 1056 831 sub·

41 854 250 920 sternendum
273 855 377 938 palea.
412 855 593 920 notandum
615 877 725 919 earum
745 876 806 921 ova
825 855 933 938 aliquo
954 855 1058 939 signo,

40 944 129 1028 quod
154 944 259 1007 aliena
280 965 347 1008 non
371 943 538 1007 excudunt.
576 943 615 1008 ad
635 943 853 1008 incubandum
873 948 1059 1026 supponunt

39 1033 231 1116 plerumque
245 1054 363 1097 novem
378 1034 435 1095 aut
454 1031 609 1115 undecim,
629 1033 683 1116 qui
696 1033 759 1097 hoc
773 1032 889 1116 minus,
908 1033 1058 1115 quinque,

10 1121 98 1206 oqui
123 1120 186 1184 hoc
208 1121 292 1204 plus,
316 1122 367 1200 [x]
389 1137 444 1183 xv.
481 1120 614 1185 incubat
635 1122 885 1205 tempestatibus
909 1121 976 1185 dies
999 1122 1058 1185 tri-

42 1208 147 1294 ginta,
170 1209 384 1292 tepidioribus
408 1225 488 1273 xxv.
526 1230 598 1272 oum
621 1209 758 1295 excudit,
781 1209 921 1292 quinque
945 1211 1090 1275 diebus4

41 1297 159 1380 primis
181 1297 350 1380 patiuntur
373 1318 443 1360 esse
466 1317 538 1360 cum
562 1298 674 1361 matre.
721 1297 834 1361 deinde
857 1298 986 1377 cotidie,
1011 1321 1057 1363 se·

41 1407 159 1450 renum
182 1406 255 1449 oum
279 1388 338 1464 est,
360 1383 542 1468 producunt
564 1386 599 1449 in
617 1389 721 1469 prata,
744 1387 821 1448 item
841 1387 982 1468 piscinas
1002 1391 1059 1449 aut

41 1473 189 1558 paludes,
213 1475 317 1558 iisque
341 1473 466 1537 faciunt
483 1473 581 1538 haras
601 1495 699 1557 supra
720 1477 840 1537 terram
860 1476 916 1536 aut
935 1477 1058 1557 suptus,

13 1564 79 1627 oin
113 1583 194 1645 quas
226 1584 291 1627 non
324 1562 482 1626 inducunt
514 1563 586 1646 plus
618 1564 750 1626 vicenos
780 1562 902 1644 pullos,
941 1583 1060 1645 easque

41 1651 142 1715 cellas
157 1651 342 1733 ,provident
367 1672 409 1714 ne
436 1651 581 1715 habeant
613 1651 646 1714 in
680 1652 750 1715 solo
779 1671 925 1716 umorem
957 1653 990 1714 et
1022 1653 1059 1714 ut

43 1740 143 1804 molle
166 1739 308 1804 habeant
332 1741 536 1804 substramen
556 1762 573 1803 e
593 1741 688 1822 palea
707 1739 809 1804 aliave
829 1762 893 1825 qua
911 1761 955 1824 re,
977 1760 1059 1804 nere

41 1849 107 1914 qua
130 1848 168 1892 eo
193 1827 341 1892 accedere
364 1829 493 1911 possint
513 1830 669 1893 mustelae
689 1829 813 1893 aliaeve
833 1851 914 1912 quae
933 1829 1057 1893 bestiae

40 1919 189 1981 noceant.
229 1938 359 1981 anseres
381 1921 520 2000 pascunt
543 1918 577 1981 in
599 1917 717 1982 umidis
739 1917 819 1982 locis
844 1920 877 1980 et
899 1916 1086 1999 pabulum5

10 2007 170 2088 oserunt,
202 2005 286 2089 quod
320 2005 461 2088 aliquem
492 2005 576 2069 ferat
606 2007 765 2086 fructum,
798 2007 973 2087 seruntque
1004 2003 1056 2067 his

39 2093 186 2175 herbam,
206 2114 287 2177 quae
306 2096 440 2157 vocatur
458 2095 547 2177 seris,
571 2092 656 2175 quod
676 2115 713 2156 ea
734 2096 935 2176 aquatecta,
959 2091 1056 2156 etiam

40 2203 115 2246 cum
139 2185 189 2245 est
212 2181 310 2265 arida,
333 2181 371 2245 fit
393 2181 514 2245 viridis.
551 2180 631 2245 folia
653 2181 721 2244 eius
741 2180 949 2264 decerpentes
969 2181 1057 2265 dant,

41 2291 95 2351 nc,
124 2270 152 2333 si
175 2291 212 2334 eo
236 2269 409 2354 inegerint,
437 2268 493 2333 ubi
515 2270 677 2351 nascitur,
705 2271 762 2332 aut
787 2268 963 2334 obterendo
987 2291 1057 2354 per-

40 2357 122 2422 dant
145 2361 201 2422 aut
227 2358 290 2442 ipsi
318 2358 475 2423 cruditate
503 2361 650 2440 pereant:
695 2378 828 2421 voraces
863 2358 949 2421 enim
981 2361 1056 2421 sunt

12 2449 168 2512 enatura.
206 2468 269 2532 quo
288 2445 535 2529 temperandum
554 2447 604 2524 iis,
624 2445 680 2529 qui
697 2451 832 2530 propter
849 2444 1058 2528 cupiditatem

44 2556 142 2618 saepe
166 2535 200 2598 in
223 2535 394 2620 pascendo,
419 2536 446 2598 si
469 2534 611 2599 radicem
634 2534 839 2618 pranderunt,
863 2555 959 2617 quam
984 2533 1057 2597 edu-

42 2644 115 2688 cere
138 2625 241 2688 velint
264 2627 398 2709 eterra,
422 2624 621 2708 abrumpunt
644 2623 780 2688 collum:
812 2622 1058 2706 perinbeeillum
1098 2660 1101 2664 -

139 2839 154 2884 2
174 2850 190 2884 1
209 2830 343 2884 Kalendis
360 2832 520 2888 Februariis
538 2833 585 2887 vel
602 2833 712 2887 Martiis
730 2850 781 2888 on.
836 2839 855 2887 3
871 2833 1060 2904 inunguantur

39 2909 58 2957 4
76 2904 143 2971 plns
162 2903 260 2967 quater
314 2906 330 2955 ὅ
350 2908 374 2957 el
394 2908 427 2955 14
446 2919 508 2957 aras
527 2905 619 2972 (haras
644 2904 683 2973 V)
757 2909 790 2958 16
804 2903 834 2957 in
853 2920 924 2972 quae
943 2921 1000 2959 non
1016 2904 1058 2957 in-

40 2972 151 3027 ducant
222 2975 256 3023 20
280 2970 373 3024 ferant
449 2977 482 3025 21
507 2974 587 3043 reris]
610 2974 685 3027 heris
763 2980 796 3028 23
820 2975 957 3029 inecerint
979 2973 1059 3096 iii&

41 3042 134 3098 corint
156 3040 183 3096 V
199 3046 224 3102 et
242 3041 403 3109 upoqrupbu
420 3044 589 3110 recentiora,
611 3044 748 3098 inecerint
771 3045 841 3098 Vra.
860 3051 885 3098 et
903 3046 960 3098 cod.
1006 3047 1058 3112 ur.)

40 3235 166 3290 bandum
186 3253 202 3288 a
221 3233 356 3290 Kalendis
375 3233 534 3290 Februariis
552 3233 598 3288 vel
616 3233 725 3288 Martiis
744 3250 832 3303 usque
851 3235 888 3289 ad
906 3234 1057 3290 solstitium

43 3307 192 3362 Oolunulla
213 3306 295 3359 VIII
312 3309 392 3374 14,4

132 3384 148 3431 3
171 3376 317 3446 iniguntur
339 3377 461 3447 Scnln'yer
503 3377 602 3446 4p1us
621 3392 704 3445 quam
723 3377 767 3431 ter
789 3377 906 3432 Ursinus
953 3382 986 3430 10
1010 3375 1058 3444 qui

41 3449 96 3502 hoe
114 3449 177 3516 plus
196 3447 355 3517 quindecim
374 3449 521 3504 Iracundus
559 3453 591 3503 15
614 3448 644 3501 in
664 3465 733 3516 quas
753 3449 870 3504 Ursr'nus
906 3454 941 3503 20
954 3447 1058 3502 feratu

42 3524 76 3572 21
97 3517 165 3572 seris
184 3521 332 3576 Iucundus
384 3526 419 3575 23
437 3518 580 3590 inegerint
601 3520 744 3577 Victorius

872 3604 932 3658 W*
