2452 3938
101 160 166 224 132
518 155 704 212 VARRONIS

100 305 197 370 rietes
221 303 416 367 intrinsecus
440 301 561 366 multos
581 322 651 365 esse
672 301 775 385 palos,
798 301 855 365 ubi
873 322 950 366 aves
969 299 1113 365 adsidere

99 393 240 479 possint,
268 393 436 476 praeterea
466 392 511 470 [e]
540 389 672 474 perticis
702 389 866 454 inclinatis
889 409 928 453 ex
951 389 1052 453 humo
1076 387 1114 452 ad

42 520 59 531 -
100 482 257 566 parietem
285 483 318 544 et
345 478 380 543 in
407 478 453 543 eis
481 479 635 543 traversis
664 477 825 563 gradatim
853 476 989 542 modicis
1019 478 1115 541 inter·

100 571 195 636 vallis
224 568 355 654 perticis
385 567 517 633 adnexis
547 566 589 630 ad
612 566 752 650 speciem
776 566 993 631 cancellorum
1016 565 1115 630 sceni-

101 681 213 725 corum
246 678 283 722 ac
315 656 445 720 theatri.
491 656 641 721 deorsum
673 656 708 719 in
740 658 860 719 terram
891 675 962 719 esse
991 672 1146 738 aquamt

103 769 199 832 quam
218 745 330 810 bibere
349 746 484 828 possint,
503 744 626 808 cibatui
645 744 726 808 offas
745 743 877 826 positas.
904 764 961 808 eae
979 743 1116 807 maxims

102 836 326 921 glomerantur
354 855 393 898 ex
421 833 491 898 ficis
520 837 552 897 et
578 832 665 896 farre
693 832 804 897 mixto,
857 830 971 896 diebus
1001 830 1118 917 viginti

103 929 277 1010 antequam
299 922 414 986 tollere
438 922 508 986 vult
531 921 652 1002 turdos,
677 921 799 1005 largius
819 920 876 984 dat
894 920 1011 999 cibum,
1036 919 1118 1004 quod

101 1014 175 1098 plus
207 1012 301 1096 ponit
334 1013 366 1073 et
396 1009 483 1073 farre
511 1009 682 1074 subtiliore
709 1009 825 1092 incipit
852 1009 947 1072 alere.
993 1009 1029 1072 in
1059 1009 1137 1087 hoo

102 1104 187 1166 teoto
212 1120 338 1180 caveas,
362 1119 444 1182 quae
466 1097 614 1162 tabulata
636 1097 781 1162 habeant
809 1097 933 1180 aliquot
961 1096 1003 1161 ad
1025 1097 1149 1181 perti-1⁰

74 1197 213 1254 boarum
248 1186 515 1270 supplementum.
562 1190 674 1251 contra
702 1186 765 1250 hoc
797 1186 955 1250 aviarium
989 1206 1008 1246 a
1041 1207 1118 1270 quae

103 1279 251 1341 mortuae
279 1275 327 1338 ibi
354 1278 430 1339 sunt
458 1296 548 1359 aves,
575 1279 613 1339 ut
640 1274 770 1339 domino
797 1295 968 1339 numerum
998 1272 1119 1355 reddat,

105 1366 188 1431 solet
209 1364 329 1428 ibidem
353 1385 488 1429 servare.
528 1385 600 1427 cum
625 1384 706 1446 opus
731 1367 820 1448 sunt,
848 1384 887 1427 ex
910 1362 974 1428 hoo
999 1363 1119 1427 aviario

103 1459 143 1519 ut
159 1456 329 1518 sumantur
348 1452 490 1535 idoneae,
514 1452 726 1516 excludantur
744 1452 778 1517 in
797 1451 1015 1516 minusculum
1037 1452 1120 1516 avia-

104 1543 199 1625 rium,
223 1543 308 1626 quod
333 1544 383 1605 est
406 1540 612 1605 coniunctum
636 1562 706 1605 oum
731 1540 852 1605 maiore
876 1539 971 1624 ostia,
1000 1540 1150 1604 luminas

105 1631 301 1712 inlustriore,
325 1628 411 1712 quod
433 1629 644 1693 seclusorium
668 1629 844 1712 appellant.
880 1628 927 1692 ibi
951 1649 1027 1692 oum
1052 1648 1120 1692 eum

105 1740 276 1784 numerum
298 1717 400 1781 habet
423 1717 601 1801 exclusum,
630 1739 724 1801 quem
749 1737 875 1781 sumere
897 1716 982 1800 vult,
1011 1737 1120 1780 omnes

77 1806 233 1872 boccidit.
268 1805 331 1869 1100
354 1804 426 1868 ideo
450 1805 483 1868 in
507 1806 631 1870 secluso
655 1807 748 1890 clam,
775 1827 815 1869 ne
838 1805 963 1888 reliqui,
987 1805 1017 1869 si
1040 1805 1120 1870 vids·

107 1898 172 1977 ant,
195 1893 417 1976 despondeant
440 1893 583 1958 animum
607 1897 705 1979 atque
724 1894 831 1958 alieno
849 1897 997 1976 tempore
1016 1892 1121 1968 vendi-

105 1983 187 2063 toris
201 1983 391 2047 moriantur.
418 2003 486 2046 non
500 1985 537 2045 ut
552 1981 693 2047 aduenae
706 1980 977 2064 volucrespullos
992 1982 1122 2064 faciunt,
1131 1995 1151 2036 2⁰

106 2073 140 2137 in
164 2092 244 2156 agro
268 2072 420 2155 ciconiae,
443 2070 478 2133 in
500 2074 586 2135 tecto
609 2070 814 2154 hirundines,
841 2071 889 2135 sic
912 2073 970 2134 aut
993 2070 1048 2134 hic
1072 2071 1122 2135 aut

106 2159 175 2224 illio
194 2159 289 2242 turdi,
309 2160 365 2242 qui
384 2181 457 2224 cum
476 2160 542 2224 siut
559 2159 689 2223 nomine
709 2181 824 2240 mares,
843 2181 878 2223 10
893 2179 972 2222 vera
984 2158 1121 2224 feminae

108 2269 235 2332 quoque
260 2251 344 2311 sunt.
389 2269 493 2333 neque
516 2247 549 2312 id
572 2269 637 2313 non
661 2251 807 2312 secutum
831 2250 867 2311 ut
890 2251 978 2312 esset
1000 2246 1037 2311 in
1063 2268 1121 2312 me·

79 2336 198 2419 711110,
222 2357 304 2420 quae
321 2336 452 2401 nomine
470 2336 625 2401 feminino
645 2357 750 2401 mares
769 2356 896 2421 quoque
916 2343 1003 2400 sunt.
1035 2355 1121 2421 prae

107 2429 198 2490 terea
220 2425 366 2490 10100100
388 2446 462 2489 oum
480 2425 602 2508 partim
622 2424 763 2490 advenae
783 2425 856 2505 sint,
878 2427 916 2487 ut
933 2423 1121 2489 hirundines
1132 2436 1151 2479 2⁵

109 2517 143 2578 et
165 2535 270 2599 grues,
293 2513 412 2597 partim
435 2515 634 2597 vernaculae,
664 2517 701 2577 ut
725 2513 864 2597 gallinae
887 2533 924 2576 00
948 2513 1123 2595 columbae,

109 2603 148 2665 de
176 2602 234 2667 illo
263 2622 379 2686 genere
408 2604 484 2665 sunt
510 2602 598 2666 turdi
627 2601 808 2666 adventicio
832 2622 869 2665 ao
892 2602 1073 2684 quotannis
1094 2601 1123 2664 in

109 2689 241 2753 Italiam
276 2692 367 2753 trans
405 2711 495 2754 mare
532 2690 687 2755 advolant
724 2690 853 2755 01101101
885 2689 1123 2774 aequinoctium

111 2777 298 2841 autumnale
318 2781 350 2840 et
370 2776 481 2842 eodem
500 2778 648 2843 revolant
667 2778 708 2843 ad
728 2777 968 2862 aequinoctium
983 2799 1120 2854 vernum,

201 2973 234 3022 10
254 2965 343 3022 cauiis
367 2985 439 3036 quae
464 2969 551 3024 cauiis
570 2970 699 3025 tabulata
718 2970 843 3025 habeant
860 2969 976 3038 aliquod
997 2970 1125 3041 adportat

111 3039 338 3110 supplementum
353 3039 512 3094 0001101110
549 3046 582 3095 13
598 3041 704 3095 seruari
740 3046 774 3095 22
785 3040 853 3112 sint]
870 3042 936 3096 sunt
972 3046 1009 3096 21
1018 3053 1124 3111 quoquo

113 3110 170 3166 sint
184 3111 333 3180 posteriorc
352 3110 409 3166 1000
481 3116 515 3165 27
534 3112 691 3180 quodannis

114 3222 328 3230 ——.—.———.

202 3293 235 3343 10
254 3287 290 3342 ad
309 3287 480 3357 perticarum
500 3287 726 3358 supplementum
744 3287 923 3344 Solnwidcrua
980 3294 1012 3342 11
1033 3289 1124 3343 0011110

114 3359 169 3414 hoc
187 3359 326 3414 aniarium
344 3360 388 3413 est
405 3357 483 3412 aliud
501 3359 606 3427 minus,
630 3360 659 3414 in
684 3375 738 3428 quo
760 3375 832 3428 quae
850 3361 977 3415 mortuae
996 3389 1031 3400 -
1051 3374 1123 3414 cura

113 3431 289 3556 ggzffiuaoe
309 3429 381 3486 00101
399 3429 546 3486 Iucundos
588 3436 622 3485 22
642 3447 705 3484 oum
724 3430 781 3485 sint
798 3447 825 3485 m
869 3436 904 3486 24
923 3446 1016 3486 mares
1034 3432 1125 3486 tamen
