2452 3938
272 156 402 212 usuvn
420 117 655 212 uvsricrnvn
672 157 738 212 ue.
749 158 766 251 ,Ι
781 164 886 214 13-14
1045 159 1087 222 31

76 302 206 368 Luculli
229 302 318 372 uillis
341 301 483 386 pessimo
501 302 632 384 publico
652 301 828 368 aedificatis
848 306 985 369 certant.
1024 325 1088 388 quo

73 393 109 456 bi
127 392 280 456 laborant
296 395 334 455 ut
353 394 499 473 spectent
518 413 576 455 sua
595 391 719 456 aestiva
737 392 916 457 tricliuaria
931 384 1088 476 ad'frigus

75 480 223 558 orientis,
251 479 388 543 hiberna
416 478 462 542 ad,
482 480 584 544 solem
608 479 820 563 occidentem,
847 482 1088 564 potiusquam,

73 573 112 632 ut
135 568 277 651 antiqui,
304 568 339 631 in
361 589 460 652 quam
482 571 611 650 partem
635 569 715 632 cella
737 569 863 633 vinaria
887 573 943 634 aut
966 569 1088 636 olearia

45 657 233 725 sfenestras
257 656 400 736 haberet,
423 677 496 721 cum
520 655 644 720 fructus
667 657 701 720 in
726 679 764 721 ea
786 657 929 722 vinarius
953 661 1088 740 quaerat

74 746 115 811 ad
148 745 235 810 dolia
267 766 341 809 aera
372 743 587 829 frigidiorem,
623 744 704 808 item
737 745 860 810 olearia
891 746 1087 811 calidiorem.

72 835 152 899 item
181 832 290 898 uidere
318 836 460 917 oportet,
488 833 516 897 si
545 837 596 897 est
623 833 728 917 collis,
754 834 818 898 nisi
842 835 919 918 quid
942 829 1087 918 impedit,

72 927 111 987 ut
133 921 184 987 ibi
206 922 415 1005 potissimum
436 924 578 1005 ponatur
600 922 688 986 villa.

163 1008 260 1074 Nunc
287 1010 325 1073 de
353 1010 489 1094 saeptis,
517 1031 598 1094 quae
626 1010 758 1075 tutandi
785 1032 882 1076 causa
908 1011 1001 1075 fundi
1030 1015 1158 1079 autXlV

32 1099 180 1184 repertis
216 1099 312 1182 fiant,
344 1098 456 1164 dicam.
512 1120 621 1163 earum
658 1100 834 1163 tutelarum
871 1121 993 1186 genera
1024 1118 1088 1184 1111,

72 1209 175 1252 unum
193 1187 352 1267 naturale,
369 1186 508 1251 alterum
523 1192 661 1271 agreste,
680 1188 812 1252 tertium
826 1189 976 1274 militare,
993 1211 1088 1272 quar-

74 1280 161 1341 tum*
179 1275 304 1340 fabrile.
359 1273 475 1339 horum
512 1298 612 1340 unum
645 1277 794 1359 quodque
827 1279 950 1362 species
989 1278 1090 1342 habet

73 1365 194 1448 plures.
239 1365 379 1446 primum
407 1365 556 1428 naturale
584 1366 836 1448 saepimeutum,
864 1367 949 1449 quod
980 1366 1088 1448 opseri
1172 1426 1177 1437 ,

74 1454 171 1518 solet·
189 1451 340 1536 uirgultis
369 1455 426 1517 aut
449 1452 567 1536 spinis,
589 1452 674 1535 quod
697 1452 796 1529 habet
819 1454 943 1518 radices
967 1476 1005 1517 ac
1030 1455 1087 1533 [vi-

31 1568 59 1608 15
77 1563 135 1606 vae
166 1540 287 1623 saepis]
320 1541 556 1624 praetereuntis
589 1540 704 1605 lascivi
734 1562 802 1604 non
833 1545 955 1605 metuet
982 1541 1086 1605 facem

74 1630 251 1695 ardentem.
305 1629 445 1694 secunda
478 1651 572 1712 saeps
607 1633 656 1693 est
687 1629 825 1714 agrestis
848 1651 866 1694 e
893 1631 996 1716 ligno,
1029 1631 1115 1694 sed2

58 1741 141 1784 'non
173 1718 266 1796 vivit:
299 1717 337 1781 fit
364 1721 421 1781 sut
447 1717 529 1800 palis
564 1718 694 1782 statutis
725 1719 846 1782 crebris
874 1717 907 1782 et
934 1719 1086 1803 virgultis
1169 1782 1172 1786 ,

73 1807 240 1891 inplicatis
265 1808 321 1871 aut
343 1805 420 1870 latis
442 1806 616 1890 perforatis
641 1810 673 1870 et
694 1829 753 1890 per
776 1829 814 1871 ea
837 1807 1000 1872 foramina
1021 1813 1086 1872 tra·

72 1895 168 1961 iestis
191 1895 339 1979 longuris
362 1894 429 1958 fere
453 1895 537 1959 binis
563 1899 619 1959 aut
641 1896 741 1960 ternis
771 1898 828 1960 aut
851 1917 889 1959 ex
913 1896 1085 1961 arboribus

30 2009 59 2050 so
72 1984 196 2049 truncis
225 1982 372 2047 demissis
400 1983 434 2045 in
461 1988 581 2047 terram
605 1984 755 2068 deinceps
779 1985 975 2049 const'tutis.
1020 1987 1085 2047 ter-

71 2073 157 2137 tium
180 2071 321 2136 militare
345 2070 582 2153 saepimentum
602 2075 652 2137 est
670 2072 761 2136 fossa
780 2075 812 2136 et
830 2076 954 2137 terreus
974 2092 1083 2156 agger.

73 2161 132 2242 sed
153 2160 244 2226 fossa
266 2160 314 2224 ita
336 2159 465 2239 idonea,
489 2161 516 2224 si
540 2182 668 2224 omnem
692 2182 825 2243 aquam,
849 2184 930 2245 qnae
954 2183 971 2225 e
995 2162 1084 2225 caelo
1150 2206 1164 2231 .

70 2249 181 2332 venit,
204 2249 345 2331 recipere
372 2251 483 2333 potest
511 2253 567 2312 aut
593 2247 763 2331 fastigium
789 2248 903 2332 habet,
930 2255 967 2314 ut
991 2254 1085 2313 exeat

71 2361 88 2402 e
107 2338 219 2404 fundo.
255 2357 354 2422 agger
371 2339 400 2400 is
420 2337 534 2420 bonus,
557 2337 612 2419 qui
635 2336 829 2400 intrinsecus
848 2338 976 2401 iunctus
996 2336 1114 2400 fossa3

26 2451 54 2493 ss
71 2431 131 2492 aut
159 2427 208 2492 ita
235 2426 367 2509 arduus,
394 2429 432 2490 ut
459 2447 533 2489 eum
561 2425 788 2489 transcendere
816 2447 883 2488 non
911 2426 954 2489 sit
980 2424 1085 2488 facile.

69 2515 136 2580 hoc
158 2535 260 2600 genus
284 2535 397 2597 saepes
420 2514 490 2578 fieri
514 2513 689 2578 secundum
715 2513 784 2578 vias
807 2514 953 2598 publicas
978 2513 1086 2577 solent

70 2608 105 2669 et
126 2602 301 2668 secundum
320 2623 441 2666 amnes.
469 2603 509 2667 ad
527 2603 613 2666 viam
630 2599 789 2666 Salariam
804 2603 839 2667 iu
856 2623 936 2686 agro
951 2600 1085 2668 Crustu·

68 2692 161 2757 mino
182 2691 288 2757 videre
307 2691 382 2756 lieet
401 2692 481 2755 locis
501 2691 627 2774 aliquot
645 2691 832 2757 coniunctos
856 2712 992 2777 aggeres
1012 2713 1085 2755 curn

67 2780 183 2862 fossis,
210 2801 251 2844 ne
278 2779 399 2843 flumen
423 2780 512 2865 agris
539 2782 664 2844 noceat.
709 2801 845 2865 aggeres
867 2780 993 2845 faciunt
1016 2780 1085 2844 sine

69 2905 287 2916 ......-.——..-.

162 2971 327 3026 tlaboreut
416 2969 481 3025 bin
500 2987 553 3038 eo¹
613 2972 680 3026 8ut
697 2970 746 3026 ubi
829 2976 861 3025 16
881 2971 1003 3026 secunda
1022 2986 1085 3038 seps

68 3042 207 3113 (secunda
225 3058 323 3112 saepes
348 3042 387 3111 V)
408 3045 453 3096 est
470 3057 505 3095 ex
522 3040 629 3110 agresti
648 3042 742 3111 eligno
833 3049 867 3096 1⁷
886 3041 989 3096 crebris
1014 3041 1084 3094 euir-

67 3113 171 3253 gffls
251 3118 284 3167 21
304 3129 372 3182 ager
391 3114 490 3182 (agger
513 3113 551 3181 V)
634 3118 668 3166 24
687 3113 799 3182 aggeris
817 3113 908 3167 bonus
980 3115 1014 3164 28
1033 3109 1084 3164 ali-

66 3294 285 3305 *-

160 3366 176 3416 2
195 3361 359 3416 laborante
432 3364 448 3413 5
467 3360 496 3414 in
515 3320 715 3415 ea‘Iucuudus
792 3365 808 3412 8
827 3340 859 3410 ut
877 3358 918 3412 ibi
936 3359 992 3412 cod.
1016 3357 1084 3410 Par.

68 3439 104 3488 14
124 3433 207 3488 vivae
226 3431 319 3502 saepis
337 3432 452 3488 inclusit
472 3431 608 3487 danaes
679 3436 712 3483 17
733 3427 837 3484 crebris
860 3433 890 3484 et
906 3426 1039 3503 uirgultis
1057 3445 1084 3482 m

65 3512 93 3562 et
113 3504 172 3560 cod.
192 3501 273 3558 Flos.
346 3507 381 3558 24
400 3501 529 3572 aggeris
548 3504 638 3557 bonus
656 3502 801 3556 lucendus
