2452 3938
234 161 364 217 RERVM
382 159 617 217 RVSTIGARVM
635 160 701 218 LIB.
716 160 728 214 I
742 165 847 231 rto-,59
1005 161 1049 226 65

61 332 116 376 uas
142 310 262 374 vocant
286 307 379 391 sirus,
401 307 494 371 utin
517 304 726 390 Cappadocia
750 328 787 371 ac
811 306 964 390 Thracia3
995 306 1052 370 alii

61 403 162 481 utcos,
186 397 282 461 utin
304 395 466 481 Hispania
489 395 637 460 citeriore
662 397 725 477 [ut]
752 397 787 459 in
811 416 890 479 agro
915 393 1051 460 Cartha·

61 486 180 553 iniensi
204 489 238 550 et
260 484 402 559 Oscensi.
447 484 565 549 horum
588 486 693 549 solum
716 485 819 569 paleis
839 486 1052 550 substernunt

60 581 70 641 t
97 578 215 641 curant
242 595 284 638 ne
311 595 405 638 umor
432 578 489 637 aut
511 595 567 637 aer
589 577 723 658 tangere
745 575 864 658 possit,
892 574 956 638 nisi
979 595 1051 637 cum

61 665 201 731 romitur
229 661 269 727 ad
290 684 400 749 ¹usum.
445 683 509 745 quo
538 662 623 726 enim
651 662 785 746 spiritus
809 685 874 729 non
896 662 1053 747 pervenit,

60 755 83 819 >i
106 775 175 818 non
200 751 303 816 oritur
326 750 478 816 curculio.
514 751 561 816 sic
584 751 750 817 conditum
774 753 919 816 triticum
942 753 1053 815 manet

60 844 88 908 el
107 863 212 906 annos
232 839 267 925 L,
289 839 415 904 milium
434 860 510 904 vero
528 842 602 923 plus
622 863 724 906 annos
744 839 779 907 Ο.
816 862 916 926 supra
932 845 1082 905 terram?

60 930 194 996 canaria
206 930 241 993 in
251 950 331 1013 agro
346 928 478 1012 quidam
493 929 645 994 sublimia
654 930 788 1014 faciunt,
801 934 837 994 ut
847 931 882 994 in
891 928 1055 1013 Hispania

59 1021 191 1085 iteriore
209 1021 242 1082 et
260 1018 295 1081 in
314 1017 434 1101 Apulia
452 1017 593 1102 quidam,
611 1040 692 1102 quae
711 1041 775 1084 non
792 1018 899 1083 solum
914 1018 1054 1084 clateri-

60 1131 100 1174 us
134 1129 194 1191 per
224 1106 385 1172 fenestras
418 1107 474 1170 sed
507 1109 606 1170 etiam
639 1108 753 1173 subtus
786 1130 804 1172 a
834 1108 905 1172 solo
938 1109 1054 1172 ventus

59 1197 235 1281 efiigerare
258 1196 371 1278 possit.
407 1195 484 1259 faba
505 1201 535 1258 et
555 1196 720 1280 legumina
743 1198 777 1261 in
797 1196 926 1261 oleariis
945 1194 1031 1261 vasis
1041 1210 1131 1265 LVIII

60 1285 146 1351 blita
169 1285 275 1349 cinere
298 1283 412 1367 perdiu
435 1283 611 1348 incolumia
634 1288 812 1350 servantur.

131 1372 214 1439 (lato
233 1373 281 1436 ait
299 1394 395 1437 uvam
415 1373 599 1437 aminneam
618 1372 831 1438 minusculam
847 1376 880 1437 et
898 1373 1056 1438 maiorem

59 1468 74 1528 t
104 1461 247 1545 spiciam
277 1461 312 1524 in
344 1461 417 1526 ollis
451 1460 712 1526 commodissime
740 1462 846 1526 condi:
878 1461 990 1524 eadem
1022 1461 1057 1524 in

59 1573 125 1635 apa
148 1554 182 1615 et
205 1552 312 1615 musto
336 1553 435 1614 recte:
459 1571 538 1633 quas
562 1550 741 1633 suspendas
765 1549 1056 1634 opportunissimas

61 1662 115 1706 sse
147 1639 317 1704 duracinas
349 1641 381 1703 et
410 1640 577 1703 aminneas
609 1639 833 1720 [scantianas].
880 1638 918 1702 de
949 1638 1056 1721 pomis
1067 1654 1129 1708 LIX

61 1728 217 1810 onditiva,
236 1728 324 1792 mala
342 1726 499 1810 struthea,
518 1733 662 1812 cotonea,
681 1729 858 1811 scantiam,
877 1727 1059 1809 scandiana,

58 1817 230 1882 »rbiculata
253 1820 285 1880 et
309 1838 390 1899 quae
410 1820 505 1881 antea
524 1820 650 1882 mustea
673 1818 844 1901 vocabant,
864 1838 949 1881 nunc
968 1817 1059 1881 meli-

58 1906 132 1971 nela
161 1905 340 1990 appellant,
367 1905 448 1970 haec
476 1907 585 1970 omnia
612 1907 646 1970 in
673 1908 745 1972 loco
770 1906 860 1971 arido
884 1909 917 1969 et
939 1904 1059 1988 frigido

58 2017 146 2080 upra
178 1995 289 2077 paleas
325 1995 436 2079 posita
468 1996 591 2059 servari
623 1999 711 2060 recte
742 1998 868 2079 putant.
923 1998 956 2057 et
987 1992 1059 2056 ideo

58 2083 263 2168 ›porothecas
297 2083 352 2168 qui
381 2083 514 2167 faciunt,
549 2083 590 2146 ad
620 2084 804 2168 aquilonem
831 2086 869 2146 ut
896 2081 1058 2146 fenestras

58 2174 193 2239 labeant
216 2175 311 2254 atque
334 2175 371 2237 ut
394 2193 451 2237 eac
474 2171 651 2256 perflantur
674 2174 797 2255 curant,
824 2193 927 2255 neque
949 2176 1060 2235 tamen

57 2263 117 2327 line
147 2261 307 2343 forioulis,
336 2283 387 2345 ne,
418 2282 491 2325 cum
520 2282 667 2325 umorem
697 2260 875 2343 amiserint,
904 2259 1061 2341 pertinaci

57 2357 145 2415 rento
170 2350 259 2414 vieta
280 2349 374 2433 fiant3
416 2349 551 2433 ideoque
575 2350 609 2412 in
632 2348 672 2412 iis
697 2370 843 2412 camaras
866 2349 1091 2412 marmorat02

57 2443 81 2504 et
103 2440 246 2524 parietes
270 2440 519 2522 pavimentaque
545 2436 584 2518 [L
605 2437 825 2517 laudabiliter]
845 2436 978 2519 faciunt,
999 2455 1062 2517 quo

57 2528 199 2612 frigidius
222 2526 274 2590 sit
311 2527 346 2591 in
368 2548 432 2610 quo
456 2528 554 2591 etiam
575 2527 704 2610 quidam
723 2525 900 2590 triclinium
920 2528 1064 2588 sternere

57 2618 158 2682 solent
182 2615 319 2680 cenandi
342 2637 448 2681 causa.
494 2617 612 2680 etenim
641 2615 814 2699 inquibus
839 2614 967 2677 luxuria
990 2633 1063 2677 con-

56 2705 185 2770 cesserit
213 2705 311 2768 utin
337 2704 548 2788 pinacothece
571 2704 707 2788 faciant,
735 2704 820 2788 quod
844 2702 1064 2786 spectaculum

56 2793 146 2858 latur
170 2793 211 2857 ab
235 2796 313 2875 arte,
337 2815 394 2858 cur
416 2814 481 2858 non
504 2794 590 2878 quod
607 2798 724 2858 natura
743 2793 855 2857 datum
875 2795 1008 2855 utantur
1029 2790 1065 2853 in
1158 2821 1160 2825 ⁴

56 2885 224 2948 venustate
244 2881 403 2965 disposita
421 2882 615 2965 pomorum?
644 2882 837 2967 praesertim
856 2903 929 2946 cum
947 2879 980 2943 id
999 2900 1066 2944 non

144 3083 158 3129 1
179 3072 308 3128 thrachia
397 3071 446 3128 ulii
465 3073 547 3128 utin
568 3073 699 3142 hispania
718 3072 847 3128 citeriore
868 3073 967 3141 puteos
986 3067 1067 3123 utin

56 3163 121 3217 agro
216 3150 248 3198 11
263 3160 391 3215 regerare
463 3144 530 3200 faba
547 3143 691 3213 legumina
782 3148 814 3197 15
834 3140 1066 3212 oportunissimos

56 3215 319 3288 (opportunissimas
344 3215 382 3283 V)
460 3222 493 3270 17
513 3216 676 3286 scandiana]
697 3214 849 3268 scandiana
931 3217 966 3266 20
984 3210 1068 3279 palea

56 3295 88 3343 22
103 3289 198 3356 adque
234 3292 269 3341 23
286 3286 433 3342 humorem
469 3292 504 3341 24
518 3285 548 3341 in
566 3286 610 3341 his
628 3287 669 3357 (in
686 3286 722 3340 iis
740 3284 902 3354 apoyrcplcc
919 3282 1067 3351 manuus)

146 3454 179 3502 11
199 3446 364 3516 refrigerare
388 3446 569 3501 Schneiderus
639 3444 706 3500 laba
729 3447 759 3498 et
782 3442 960 3512 leguminav
1034 3443 1069 3495 20

58 3520 153 3588 paleas
173 3519 230 3574 cod.
249 3518 341 3573 Paris.
415 3523 450 3572 26
468 3515 650 3573 laudabiliter
668 3517 765 3572 &levit
783 3515 907 3584 Scaliper

108 3619 197 3660 Vasco
211 3627 265 3658 ns.
279 3627 345 3660 avsr.
894 3608 909 3657 5
