2452 3938
128 156 191 220 146
540 153 727 209 VARRONIS

125 301 233 386 pinnis
258 303 292 364 et
313 322 330 364 e
354 299 456 364 cauda
478 298 619 364 farciunt
640 299 791 363 turundis
811 299 1002 365 hordeaceis
1021 303 1140 385 partim

126 389 278 453 admixtis
303 389 347 470 [e]
372 388 477 453 farina
499 387 649 452 lolleaeia
673 390 730 451 aut
753 388 875 451 semine
902 388 963 452 lini
991 410 1032 453 ex
1061 413 1139 475 aqua

125 477 219 545 dulei.
262 478 311 542 bis
335 476 386 541 die
409 477 518 542 eibum
541 476 627 559 dant,
650 475 861 540 observantes
885 497 924 540 ex
949 477 1138 561 quibusdam

125 566 228 650 signis
260 569 298 631 ut
332 567 420 650 prior
457 567 501 630 sit
533 567 715 646 eoneoetus,
757 569 930 648 autequam
964 567 1136 633 seeundum

125 654 211 718 dent.
262 655 338 720 dato
368 655 453 737 eibo,
481 675 578 737 quom
606 654 844 737 perpurgarunt
871 657 987 738 eaput,
1018 677 1160 740 neqnosr

124 742 245 808 habeat
266 744 374 827 pedes,
396 765 508 807 rursus
532 764 585 804 eas
609 740 811 805 concludunt.
852 740 916 806 hoe
939 741 1068 808 faciunt
1089 765 1134 808 us·

73 839 113 895 21
127 854 187 915 que
212 832 253 896 sd
271 833 339 898 dies
358 850 443 896 xxv:
466 834 544 893 tune
567 829 703 912 denique
721 828 857 914 pingues
875 830 971 894 fiunt.
1009 831 1133 914 quidam

126 924 159 984 et
185 921 315 986 triticeo
342 941 424 1004 pane
452 917 566 981 intrito
596 917 629 980 in
653 939 784 1001 aquam,
811 918 915 982 mixto
946 919 1026 983 vino
1054 921 1131 985 bono

126 1013 159 1073 et
183 1010 328 1091 odorato,
351 1005 501 1086 farciunt,
524 1005 571 1068 ita
591 1009 629 1068 nt
647 1005 760 1070 diebus
778 1024 826 1069 xx
844 1007 986 1090 pingues
1005 1008 1133 1073 reddant

125 1120 163 1163 ao
186 1104 322 1161 teneras.
368 1094 395 1157 si
418 1094 453 1155 in
475 1092 638 1158 farciendo
662 1094 763 1159 nimio
787 1094 858 1160 cibo
882 1093 1069 1180 fastidiunt,
1089 1118 1130 1160 re·
1139 1122 1166 1163 1·

125 1183 316 1249 mittendum
343 1182 378 1244 in
406 1181 537 1246 datione
559 1203 619 1264 pro
643 1183 802 1266 portione,
829 1204 867 1247 ae
890 1182 1003 1248 decem
1026 1185 1129 1269 primis

123 1270 288 1358 processit,
315 1268 351 1332 in
372 1271 608 1352 posterioribus
631 1274 668 1334 11
686 1271 851 1335 deminuat
869 1271 984 1336 eadem
1003 1273 1129 1355 ratione,

122 1365 159 1423 ut
181 1358 351 1422 vicesimus
375 1358 443 1422 dies
467 1363 500 1424 et
521 1360 646 1443 primus
670 1361 736 1423 sint
758 1381 861 1442 pares.
902 1360 1020 1425 eodem
1043 1361 1127 1426 modo

122 1446 456 1531 palumbos'fareiunt
479 1470 516 1512 ae
538 1447 678 1512 reddunt
700 1448 849 1530 pingues.

87 1551 113 1606 x
210 1532 340 1618 Transi,
367 1537 474 1620 inquit
497 1535 614 1619 Axius,
641 1557 726 1601 nuno
749 1535 784 1600 in
805 1536 884 1600 illud
907 1558 1029 1622 genus,
1052 1536 1151 1622 quoda

120 1626 260 1687 nonest
285 1624 486 1705 [ussai-villa
513 1647 550 1689 ae
577 1627 664 1689 terra
687 1628 886 1707 contentum,
918 1626 976 1690 sed
1000 1627 1126 1712 requirit

119 1710 273 1796 piscinas,
297 1713 382 1796 quod
406 1735 463 1778 vos
487 1712 687 1798 philograeei
709 1712 833 1778 voeatis
853 1714 1067 1797 amphibium.
1100 1714 1126 1778 in

121 1800 237 1883 quibus
266 1802 321 1864 ubi
350 1823 480 1865 anseres
509 1801 653 1886 aluntur,
677 1822 785 1884 praeeo
812 1801 945 1866 nomine
975 1803 1126 1869 chenobo-

120 1887 211 1953 seion
242 1888 426 1973 appellatis.
478 1889 595 1953 horum
628 1910 743 1974 greges
777 1887 885 1972 Scipio
918 1889 1072 1957 Metellus
1100 1893 1126 1955 et

120 1973 164 2041 M.
183 1975 275 2043 Seius
303 1979 427 2043 babent
448 1998 587 2062 magnos
611 1979 743 2063 aliquot.
788 1977 924 2061 Merula,
953 1977 1058 2059 Seius,
1086 1980 1150 2045 ins

120 2066 203 2149 quit,
231 2067 279 2131 ita
306 2088 420 2151 greges
444 2067 634 2151 conparavit
656 2088 821 2149 anserum,
849 2070 887 2130 ut
909 2067 971 2131 hos
997 2069 1126 2153 quinque
1161 2134 1165 2151 ,

120 2154 240 2238 gradus
270 2156 469 2238 observaret,
497 2177 578 2239 quos
604 2156 639 2220 in
662 2155 793 2238 gallinis
817 2155 892 2220 dixi.
937 2156 973 2220 hi
999 2162 1075 2222 sunt
1095 2157 1126 2220 de
1162 2170 1165 2229 ζ

120 2263 249 2326 genere,
277 2243 457 2327 deletura,
488 2245 527 2308 de
552 2244 636 2328 ovis,
663 2244 702 2308 de
731 2243 841 2327 pullis,
872 2243 925 2324 [de
949 2245 1125 2324 anseribus]
1160 2236 1165 2317 ἶ

89 2331 159 2396 211
188 2332 310 2417 sagina.
360 2333 501 2415 primum
530 2332 664 2396 iubebat
691 2354 818 2396 servum
846 2331 879 2395 in
907 2332 1048 2417 legendo
1077 2333 1125 2400 ob

120 2442 248 2487 servare
268 2426 304 2484 ut
323 2426 433 2486 essent
452 2421 551 2504 ampli
570 2424 603 2484 et
622 2420 697 2505 albi,
716 2420 800 2503 quod
819 2421 1011 2506 plerumque
1029 2422 1165 2506 pullosu'

120 2510 242 2575 similes
270 2510 320 2574 sui
347 2510 479 2574 iaciunt.
525 2512 576 2573 est
603 2509 687 2572 enirn
712 2511 849 2572 alterum
874 2529 978 2592 genus
1003 2510 1125 2591 varium,

120 2600 204 2682 qnod
224 2599 329 2663 ferum
347 2601 490 2676 vocatur,
508 2619 568 2662 neo
587 2618 658 2661 eum
677 2596 717 2661 iis
732 2598 870 2661 libenter
884 2603 1124 2684 congregantur,

89 2694 178 2751 31111
203 2689 294 2766 [non]
319 2708 420 2769 aeque
443 2687 481 2750 fit
502 2689 716 2750 mansuetum.
763 2685 930 2750 anseribus
954 2689 999 2752 ad
1021 2686 1123 2752 admit

209 2865 222 2912 1
242 2858 408 2913 hordeaceis
428 2857 576 2928 (ordeseiis
589 2858 616 2912 V
626 2865 651 2913 et
663 2859 800 2913 11111111
813 2861 987 2930 apoqrapha)
1026 2866 1043 2914 4
1056 2860 1122 2915 ante

119 2930 215 3000 qnam]
244 2945 326 2997 qnam
400 2935 415 2984 5
444 2932 541 3000 quom]
571 2947 655 2999 qnam
727 2937 743 2984 9
767 2927 877 2984 faciunt
949 2935 983 2984 13
1013 2932 1051 2986 sit
1071 2926 1123 3000 pari

120 3007 152 3056 18
181 3016 283 3069 graeco
311 3017 361 3055 om.
445 3007 479 3055 22
508 3001 538 3055 hi
566 3003 632 3054 sunt
656 2998 688 3066 (ii
715 3000 780 3055 sunt
804 3002 967 3070 apoyrapha
985 3001 1122 3068 11111111)

118 3078 152 3128 28
171 3074 332 3126 mansuetus
352 3072 496 3126 anseribus
516 3072 727 3126 admittendum.

206 3220 223 3266 4
246 3215 397 3282 antequam
421 3213 574 3268 seeundum
596 3213 664 3268 dent
686 3212 866 3267 Schneiderus
943 3217 960 3266 5
983 3231 1048 3270 oum
1070 3229 1123 3284 per

116 3288 306 3352 purgarunto
350 3284 541 3338 9111111111
592 3289 624 3338 13
643 3283 700 3338 sint
717 3299 798 3352 pares
817 3283 999 3339 Schneiderus
1044 3291 1077 3340 23
1094 3282 1123 3336 ds

117 3355 261 3410 anseribus
289 3356 385 3410 deleuit
411 3356 557 3410 Iucundos
636 3360 670 3409 28
699 3371 750 3408 neo
778 3369 865 3422 aeque
892 3353 926 3408 fit
953 3356 1123 3410 mansuetum

121 3426 239 3481 Victorii
261 3427 343 3481 editio
366 3428 486 3480 secunda
510 3429 628 3482 111543
700 3425 844 3478 anseribus
868 3425 906 3478 ad
923 3426 1122 3482 admittendum

110 3498 224 3566 tempus
246 3497 427 3567 aptissimum
451 3500 494 3554 est
512 3515 530 3552 a
547 3497 662 3564 bruma,
683 3513 749 3550 mox
766 3497 802 3549 ad
820 3496 986 3564 pariendum
1006 3499 1037 3552 et
1053 3496 1123 3551 ineu·
1142 3553 1167 3601 ,1
