2452 3938
340 147 470 204 RERVM
487 146 725 204 RVSTIOARVM
743 149 809 205 LIB.
829 150 854 205 11
874 156 890 205 3
1078 150 1120 216 89

108 317 128 358 a
144 296 250 358 tauro.
278 293 366 378 quod
384 293 425 358 ad
442 293 584 359 feturam
601 295 751 379 pertinet,
770 295 947 360 desistente
966 299 1121 361 autumno
1154 304 1174 363 8

108 382 243 468 exigunt
266 405 286 446 a
309 403 407 466 grege
430 382 465 446 in
484 404 598 467 campo
622 383 730 448 hircos
753 384 786 447 in
810 383 960 466 caprilia,
982 384 1061 457 item
1085 390 1122 448 ut

106 472 142 537 in
174 470 333 536 arietibus
366 469 496 536 dictum.
551 493 634 556 quaa
666 472 829 556 concepit,
860 475 937 555 post
968 477 1122 555 quartum

107 580 254 625 mensem
283 559 388 624 reddit
415 561 562 645 tempore
596 581 703 626 verno.
752 561 788 624 in
819 560 985 625 nutricatu
1016 561 1121 642 haedi,

80 648 290 713 etrimestres
323 669 396 713 cum
424 654 501 714 sunt
527 648 622 731 facti,
655 653 724 714 tum
753 650 1001 728 summittuntur
1029 653 1062 714 et
1087 649 1122 713 in

106 757 209 825 grege
232 735 391 819 incipiunt
413 758 508 816 esse.v
526 736 614 821 quid
644 737 748 803 dicam
776 736 815 802 de
840 759 949 802 earum
973 737 1122 824 sanitate,

107 847 191 912 quae
220 846 396 911 numquam
425 828 502 890 sunt
530 825 650 891 sanae?
687 825 753 890 nisi
775 829 887 891 tamen
910 825 990 890 illud
1013 849 1122 909 unum,

107 913 269 999 quaedam
292 914 415 998 scripta
437 913 556 979 habere
579 915 755 1000 magistros
779 915 914 999 pecoris,
938 915 1053 998 quibus
1072 936 1121 978 re-

107 1002 226 1067 mediis
250 1005 385 1067 utantur
404 1003 445 1066 ad
463 1002 594 1068 morbos
614 1003 771 1087 quosdam
790 1025 901 1069 earum
920 1026 958 1069 ac
976 1004 1123 1068 vulnera·

65 1114 92 1154 ιο
106 1096 182 1156 tum
206 1112 336 1175 corpus,
364 1091 450 1175 quod
478 1113 539 1157 usu
561 1094 650 1169 venit
671 1092 713 1157 iis
737 1114 841 1177 saepe,
871 1092 956 1177 quod
979 1093 1064 1157 inter
1088 1113 1122 1156 se

107 1179 264 1246 cornibus
297 1183 445 1263 pugnant
474 1183 572 1264 atque
599 1181 634 1245 in
661 1181 802 1264 spinosis
832 1183 911 1246 locis
939 1184 1121 1266 pascuntur.

106 1268 306 1352 relinquitur
328 1267 366 1331 de
388 1266 610 1354 numero,'qui
633 1270 668 1333 in
692 1269 847 1355 gregibus
870 1275 922 1335 est
944 1271 1051 1336 minor
1071 1293 1120 1336 ca·
1154 1277 1172 1335 9

106 1358 205 1442 prino
234 1378 331 1440 quam
358 1355 392 1419 in
415 1358 527 1441 ovillo,
555 1357 641 1442 quod
669 1379 786 1441 caprae
814 1359 955 1423 lascivae
983 1363 1017 1424 et
1040 1381 1121 1443 quae

107 1446 305 1530 dispargunt
324 1466 371 1530 se3
391 1449 506 1511 contra
525 1468 600 1511 oves
619 1468 701 1530 quae
721 1468 755 1511 se
775 1451 972 1532 congregent
991 1469 1028 1512 ac
1047 1470 1121 1513 con·

65 1556 93 1598 15
108 1536 247 1600 densent
265 1535 299 1598 in
318 1534 424 1599 locum
442 1556 552 1600 unum.
578 1535 689 1620 itaque
707 1535 742 1599 in
761 1556 841 1619 agro
861 1535 985 1600 Gallico
1005 1555 1121 1619 greges

107 1625 222 1710 plures
248 1623 357 1709 potius
384 1623 509 1688 faciunt
532 1645 629 1707 quam
652 1645 803 1708 magnos,
827 1625 912 1708 quod
936 1625 970 1688 in
993 1624 1120 1709 magnis

108 1715 177 1779 cito
204 1713 325 1777 existat
350 1713 549 1796 pestilentia,
577 1735 657 1798 quae
686 1714 727 1778 ad
754 1713 928 1798 perniciem
957 1735 1030 1779 eum
1053 1735 1122 1798 per-

110 1803 218 1870 ducat.
273 1801 354 1865 satis
391 1822 547 1886 magnum
579 1821 711 1887 gregem
742 1805 861 1888 putant
893 1825 963 1869 esse
996 1803 1123 1868 circiter
1134 1811 1176 1870 10

109 1891 367 1977 quinquagenae.
417 1889 534 1975 quibus
563 1891 718 1956 adsentiri
745 1896 863 1976 putant
889 1892 923 1956 id
954 1892 1039 1976 quod
1062 1913 1123 1956 usu

65 2005 94 2044 ao
111 1979 204 2046 venit
227 1978 381 2067 Gaberio,
409 1981 510 2067 equiti
533 1982 691 2049 Romanu.
734 1982 762 2046 is
786 1981 872 2046 enim
896 2002 968 2046 cum
990 1981 1025 2046 in
1049 1983 1122 2046 sub-

109 2071 237 2136 urbano
255 2069 345 2135 mille
367 2071 515 2155 iugerum
537 2072 674 2137 haberet
700 2075 733 2136 et
760 2095 780 2137 a
803 2071 950 2156 caprario
974 2071 1123 2156 quodam,
1142 2114 1146 2120 -

83 2208 96 2220 ,
112 2161 169 2246 qui
201 2159 335 2225 adduxit
367 2160 509 2243 capellas
538 2161 578 2225 ad
605 2161 723 2239 urbem,
748 2160 871 2242 decem,
903 2160 966 2225 sibi
993 2160 1027 2224 in
1055 2160 1123 2225 dics

112 2250 259 2335 singulos
284 2249 433 2314 denarios
457 2249 607 2333 singulos
631 2247 708 2313 dare
731 2249 883 2333 audisset,
907 2248 1015 2332 coegit
1033 2248 1124 2313 mille

111 2360 298 2422 caprarum,
334 2359 470 2421 sperans
499 2359 532 2402 se
560 2341 730 2421 capturum
761 2337 799 2402 de
828 2336 961 2421 praedio
990 2337 1026 2400 in
1055 2337 1123 2401 dies

66 2451 95 2492 ao
111 2427 261 2512 singulos
293 2426 460 2491 denarium
492 2426 590 2491 mille.
642 2429 773 2491 tantum
805 2425 890 2489 enim
921 2423 1056 2507 fefellit,
1088 2430 1125 2487 ut

110 2516 204 2582 brevi
237 2536 349 2580 omnes
382 2515 527 2579 amiserit
553 2515 678 2581 morbo.
728 2517 843 2579 contra
872 2513 907 2577 in
935 2511 1124 2577 Sallentinis

111 2608 145 2670 et
173 2605 208 2668 in
231 2601 378 2669 Casinati
406 2603 446 2668 ad
477 2607 631 2669 centenas
659 2606 806 2687 pascunt.
852 2601 890 2666 de
918 2601 1062 2665 maribus
1092 2605 1125 2664 et

109 2692 244 2758 feminis
266 2692 352 2757 idem
374 2692 442 2756 fere
466 2692 653 2777 discrimen,
681 2695 718 2757 ut
746 2692 802 2756 alii
826 2692 866 2756 ad
891 2690 991 2755 denas
1011 2712 1125 2774 capras

111 2781 260 2865 singulos
288 2784 404 2863 parent
431 2781 553 2865 hircos,
581 2785 618 2846 ut
645 2801 721 2866 ego,
754 2780 811 2845 alii
838 2781 938 2844 etiam
966 2779 1006 2843 ad
1035 2779 1125 2863 quin-

203 2978 219 3026 2
243 2973 272 3026 in
300 2988 415 3042 campos
444 2973 485 3043 (in
512 2988 611 3042 campo
638 2972 677 3042 V)
768 2979 783 3026 3
814 2970 936 3041 concipit
1025 2975 1041 3024 5
1069 2970 1127 3025 sint

110 3043 342 3117 9vnlneratum]
368 3043 485 3098 uulnera
506 3045 574 3098 tunc
652 3050 683 3097 11
708 3042 795 3112 adqui
816 3041 846 3095 in
870 3042 958 3110 sposis
1035 3045 1069 3094 14
1092 3057 1126 3094 ac

110 3115 264 3170 conderent
283 3116 326 3183 (ac
345 3114 516 3170 condenseat
534 3130 638 3184 apogr,
662 3116 690 3168 et
709 3113 862 3168 condecent
879 3112 951 3181 Pol.)
1025 3116 1059 3164 23
1079 3127 1126 3165 au-

111 3186 188 3240 disse
261 3191 296 3238 24
315 3187 459 3255 capturam
531 3190 566 3238 25
584 3183 717 3239 fefellerit

204 3368 220 3417 3
239 3362 368 3431 concepit
384 3378 401 3417 o
490 3366 506 3415 5
526 3377 589 3415 cum
608 3362 674 3414 sunt
692 3359 872 3415 Schneidcrus
962 3363 978 3411 9
997 3358 1153 3432 ιιιιΙιιεηι-ν

110 3437 173 3489 tum
186 3451 220 3490 -m
311 3439 348 3496 11Ὶ
363 3433 448 3502 atque
465 3432 496 3486 in
515 3430 634 3500 spinosis
653 3430 723 3486 locis
742 3448 790 3486 mo
884 3435 918 3484 23
938 3428 1062 3483 audisset
1079 3445 1128 3484 mc

112 3512 149 3560 24
168 3505 315 3574 capturum
333 3520 380 3559 mc
453 3507 487 3558 25
505 3502 641 3558 fefellitc
