2452 3938
278 191 411 248 RERVM
429 190 666 247 RVSTICARVM
684 191 751 247 LIB.
766 193 863 248 15-‘1
1033 194 1075 258 21

61 337 122 403 fici.
169 337 205 401 in
233 336 370 402 collibus
397 337 574 401 humilibus
587 362 589 366 ’
603 337 740 403 societas
768 338 872 402 maior
895 359 968 401 cum
992 360 1076 404 cam·

60 426 163 510 pestri
197 425 306 490 fructu
340 447 435 509 quam
468 447 541 490 cum
573 430 745 508 montano,
776 426 812 489 in
845 426 921 490 altis
954 431 1076 492 contra.

59 519 195 600 propter
217 515 297 579 haec
318 515 384 578 tria
406 513 540 599 fastigia
561 514 684 579 formae
708 514 894 579 discrimina
917 516 1105 598 quaedam5

59 604 146 668 fiunt
178 604 356 681 sationum,
388 603 474 686 quod
507 607 633 688 segetes
665 604 816 669 meliores
849 604 1076 668 existimantur

32 713 134 757 resse
166 694 378 774 campestres,
414 692 528 756 vineae
560 692 711 775 collinae,
753 693 854 757 silvae
890 697 1076 759 montanae.

10 778 13 788 '
59 782 252 865 plerumque
275 780 473 844 hibernalis
497 783 595 862 [esse]
621 781 765 865 meliora,
789 782 844 865 qui
862 783 973 846 colunt
991 803 1076 845 cam·

59 870 193 953 poetria,
216 868 301 953 quod
324 873 401 933 tunc
424 873 518 952 prata
539 870 585 934 ibi
603 869 753 953 herbosa,
776 870 903 954 putatio
922 870 1076 935 arborum

59 957 276 1023 tolerabilior:
323 962 435 1022 contra
468 959 596 1023 aestiva
624 959 788 1024 montanis
820 959 901 1024 locis
934 980 1076 1023 commo-

60 1046 168 1128 diora,
200 1047 285 1131 quod
317 1046 364 1111 ibi
396 1049 466 1110 tum
500 1051 533 1110 et
560 1047 714 1132 pabulum
742 1049 894 1132 multum,
927 1047 1013 1132 quod
1043 1047 1078 1110 in

20 1160 45 1200 ιο
61 1135 188 1219 campis
212 1137 290 1219 aret,
314 1139 347 1200 et
369 1137 496 1199 cultura
517 1136 672 1200 arborum
691 1137 807 1220 aptior,
830 1136 915 1220 quod
933 1143 1003 1200 tum
1022 1136 1076 1200 hie

60 1223 214 1308 frigidior
243 1245 306 1288 aer.
357 1227 537 1306 campester
568 1225 663 1289 locus
686 1226 714 1289 is
742 1225 870 1304 melior,
904 1223 960 1309 qui
986 1229 1105 1290 totus6

62 1311 279 1397 aequabiliter
301 1312 334 1375 in
358 1335 455 1376 unam
478 1316 604 1396 partem
627 1316 750 1398 verget,
773 1335 871 1398 quam
893 1314 921 1376 is
946 1315 1003 1397 qui
1026 1317 1077 1378 est

61 1401 103 1466 ad
132 1400 276 1465 libellam
306 1422 442 1484 aequos,
470 1400 621 1485 quadis,
652 1423 724 1464 enm
754 1423 855 1485 aquae
881 1423 948 1464 non
975 1401 1076 1466 habet

62 1489 242 1574 delapsum,
264 1489 336 1552 fieri
360 1489 444 1554 solet
466 1489 663 1572 uliginosus:
700 1511 737 1553 eo
761 1490 876 1574 magis,
899 1489 1001 1572 siquis
1027 1492 1077 1553 est

21 1578 289 1663 rainaequabilis,
308 1600 345 1643 eo
361 1578 510 1662 deterior,
529 1577 614 1662 quod
633 1578 670 1640 fit
685 1581 818 1662 propter
831 1579 962 1641 lacunas
978 1598 1076 1660 aquo·

62 1689 129 1733 sus.
181 1666 262 1732 haec
289 1671 387 1751 atque
414 1666 548 1731 huiusce
577 1667 663 1730 modi
690 1667 756 1730 tria
784 1665 919 1751 fastigia
950 1667 1020 1750 agri
1050 1669 1079 1730 et

61 1754 105 1820 ad
127 1754 297 1819 colendum
320 1755 518 1838 dispariliter
539 1755 662 1819 habent
684 1760 893 1820 momentum.

48 1926 51 1931 Ι
116 1838 120 1843 ’
154 1841 255 1928 Stolo,
278 1842 371 1919 Quod
394 1843 435 1908 ad
457 1843 542 1908 hanc
565 1844 705 1909 formam
723 1845 905 1909 naturalem
924 1844 1075 1928 pertinet,
1089 1853 1142 1908 VII

63 1931 103 1996 de
122 1953 160 1996 eo
179 1954 245 1996 non
264 1932 466 1997 incommode
486 1931 566 1997 Cato
585 1933 713 1998 videtur
732 1933 845 2016 dicere,
869 1932 1076 2001 cumscribit

18 2043 47 2082 ao
61 2021 224 2105 optimum
248 2041 362 2106 agrum
387 2043 466 2103 esse,
490 2021 545 2104 qui
569 2023 628 2086 sub
652 2021 760 2085 radice
783 2022 903 2086 montis
928 2021 1009 2085 situs
1032 2019 1076 2084 sit

61 2114 96 2172 et
115 2112 239 2192 spectet
257 2109 299 2172 ad
317 2109 529 2173 meridianam
548 2110 630 2174 caeli
647 2113 783 2194 partem.
813 2107 939 2199 Subicit
953 2108 1104 2193 Scrofa,2

61 2197 113 2262 De
136 2197 260 2261 formae
289 2199 416 2262 cultura
438 2198 501 2262 hoc
525 2197 609 2280 dico,
637 2219 719 2281 quac
742 2199 849 2280 specie
872 2199 954 2261 fiant
976 2219 1075 2263 venu-

62 2284 176 2370 stiora,
208 2287 299 2370 sequi
330 2290 367 2349 ut
398 2287 521 2350 maiore
554 2307 680 2369 quoque
707 2286 815 2349 fructu
843 2289 923 2369 sint,
955 2290 993 2349 ut
1020 2285 1076 2367 qui

61 2373 191 2438 habent
214 2375 359 2458 arbusta,
388 2375 416 2438 si
440 2377 510 2438 sata
533 2377 611 2438 aunt
632 2374 914 2458 inquincuncem,
941 2377 1076 2456 propter

19 2483 47 2525 aa
64 2462 194 2527 ordines
214 2466 311 2547 atque
330 2462 504 2528 intervalla
516 2462 656 2527 modica.
684 2462 794 2545 itaque
813 2461 951 2525 maiores
970 2459 1076 2525 nostri

62 2572 102 2614 ex
126 2572 204 2615 arvo
228 2572 328 2635 aeque
351 2572 471 2637 magno
495 2552 579 2615 male
603 2551 785 2616 consito-et
806 2550 913 2614 minus
936 2550 1076 2614 multum

62 2641 97 2703 et
120 2639 227 2703 minus
250 2640 371 2704 bonurn
392 2640 558 2704 faciebant
575 2640 686 2705 vinum
707 2642 740 2704 ct
757 2639 965 2723 frumentum,
989 2639 1076 2723 quod

62 2749 146 2810 quae
176 2729 263 2811 [que]
294 2749 352 2792 sno
381 2729 518 2812 quicque
547 2728 619 2793 loco
648 2732 725 2792 sunt
750 2729 872 2812 posita,
900 2750 937 2792 ea
968 2730 1075 2792 minus

62 2815 129 2881 loci
152 2820 324 2899 occupant,
352 2819 385 2880 et
412 2817 528 2881 minus
548 2816 658 2896 officit,
680 2817 768 2880 aliud
796 2817 851 2881 alii
882 2817 923 2881 ab
948 2817 1015 2880 sole
1039 2837 1075 2880 ac

20 2925 47 2966 co
62 2905 141 2968 luna
164 2910 198 2968 et
219 2909 326 2969 vento.
365 2905 428 2969 hoc
451 2905 528 2970 licet
551 2907 734 2970 coniectura
758 2906 866 2970 videre
889 2927 928 2969 ex
952 2905 1104 2989 aliquot3

154 3083 170 3130 6
189 3044 349 3133 hibernales
369 3095 429 3133 esee
528 3084 544 3133 8
569 3079 721 3152 montania]
742 3081 930 3146 montanaque
948 3078 983 3131 iis
1004 3077 1075 3146 Pol,

61 3149 199 3202 montana
216 3148 252 3202 iis
270 3151 463 3205 calmontana
481 3149 526 3205 his
545 3167 639 3221 opopa
726 3156 760 3204 10
779 3152 808 3205 et
827 3149 946 3218 cultura]
966 3164 999 3200 ac
1018 3147 1075 3200 cul·

60 3220 326 3357 {qraaliqlquadque
382 3223 410 3275 et
428 3237 478 3276 om.
533 3227 567 3276 at
583 3223 673 3290 adque
728 3227 762 3275 26
776 3236 894 3290 magnos
908 3221 1020 3288 (magno
1036 3218 1075 3285 V)

154 3471 171 3520 6
189 3466 307 3522 hiberna
325 3466 360 3522 iss
380 3483 440 3522 esse
459 3474 591 3523 corrector
612 3468 713 3522 codicis
731 3467 890 3523 Ptolemae·
962 3471 978 3520 8
996 3482 1076 3520 mon-

58 3536 138 3594 tanis
157 3537 227 3592 locis
245 3556 272 3592 m
345 3543 378 3592 10
397 3541 427 3592 et
446 3539 556 3594 cultura
573 3538 720 3594 Iucundos
