2452 3938
413 783 764 860 PRAEFATIO.

167 1069 326 1136 Varronis
357 1088 464 1130 rerum
488 1066 682 1130 rusticarum
707 1066 809 1131 libros
834 1087 918 1131 anno
943 1067 1031 1132 1884
1055 1087 1092 1131 eo

85 1163 249 1242 apparatu,
271 1179 334 1242 quo
354 1155 395 1220 ad
414 1155 587 1218 lectionem
606 1155 858 1219 confirmandam
877 1155 968 1220 etad
987 1178 1093 1232 emen-

84 1247 246 1313 dationem
262 1243 519 1330 praeparandam
539 1265 620 1326 opus
635 1265 704 1306 esse
720 1243 898 1326 videbatur,
915 1245 1105 1310 instructos·

82 1335 176 1400 edidi.
210 1356 284 1399 nam
310 1333 463 1418 quoniam
488 1330 593 1395 omnis
616 1332 733 1396 horum
756 1332 914 1397 librorum
938 1333 1095 1398 memoria

78 1446 142 1489 uno
172 1423 357 1488 continetur
385 1421 507 1498 codice,
535 1419 590 1503 qui
619 1420 696 1483 olim
728 1424 760 1482 et
788 1420 828 1484 ab
857 1420 983 1504 Angelo
1007 1420 1094 1485 Poli-

77 1513 166 1577 tiano
196 1533 271 1575 cum
298 1509 443 1595 principe
473 1509 613 1572 editione
636 1507 775 1572 collatus
799 1512 832 1572 et
856 1531 875 1574 a
898 1507 994 1572 Petro
1018 1508 1093 1572 Vic-

78 1602 162 1666 torio
192 1600 235 1665 ad
262 1621 382 1664 novam
410 1597 585 1663 editionem
612 1597 791 1682 parandam
820 1597 984 1662 adhibitus
1014 1603 1095 1680 erat,

78 1695 192 1774 postea
222 1691 331 1752 autem
363 1687 470 1772 periit,
503 1690 579 1750 ante
609 1688 718 1751 omnia
746 1686 908 1771 scriptura
935 1689 969 1751 in
998 1688 1097 1751 editis

78 1776 317 1861 exemplaribus
345 1775 552 1841 uehementer
583 1775 760 1859 depravata
788 1776 827 1839 ad
855 1776 954 1840 fidem
984 1776 1096 1840 arche·

76 1868 150 1951 typi
179 1864 363 1929 revocanda
391 1868 470 1930 erat.
521 1864 780 1928 emendationem
809 1886 918 1929 eorum
949 1887 1031 1949 quae
1059 1865 1093 1928 iu

75 1956 133 2019 illo
158 1957 315 2038 corrupta
338 1957 431 2016 erant
460 1956 588 2036 praeter
611 1953 787 2017 manifesta
810 1955 990 2037 scripturae
1013 1953 1094 2017 vitia

77 2048 109 2108 et
134 2043 302 2126 quaedam,
331 2063 414 2125 quae
438 2042 517 2105 satis
542 2045 630 2106 certo
655 2042 826 2106 emendata
849 2063 919 2105 esse
942 2042 1023 2106 mihi
1047 2043 1094 2105 vi-

80 2131 246 2209 debantur,
270 2130 501 2194 commentario
525 2130 636 2195 critico
660 2130 829 2214 destinavi,
856 2153 896 2194 ne
921 2131 1093 2215 adscriptis

80 2219 383 2303 antiquissimarum
419 2217 597 2282 editionum
630 2218 824 2282 lectionibus
858 2222 891 2282 et
923 2219 1093 2283 doctorum

78 2309 222 2372 virorum
251 2306 445 2372 coniecturis
469 2328 564 2372 verae
588 2305 767 2390 scripturae
790 2307 947 2369 memoria
969 2310 1093 2389 pertur-

80 2395 219 2462 baretur.
265 2417 350 2461 nunc
379 2418 452 2460 cum
480 2395 587 2459 minor
611 2395 786 2464 eorundem
809 2394 969 2458 librorum
993 2394 1092 2458 editio

78 2484 120 2548 ad
162 2505 367 2549 communem
403 2506 497 2547 usum
535 2485 779 2549 accommodata
815 2483 960 2567 paranda
998 2485 1093 2566 esset,

77 2572 267 2654 priusquam
300 2571 526 2639 commentarii
558 2572 742 2656 ederentur,
779 2573 878 2636 verba
915 2572 1093 2656 scriptoris,

79 2665 238 2744 quantum
260 2662 392 2745 quidem
414 2661 484 2724 fieri
507 2664 645 2741 poterat,
669 2661 840 2725 emendata
864 2661 1004 2727 exhibui.
1037 2662 1092 2725 sed

77 2753 115 2810 ut
147 2770 188 2812 ne
219 2749 293 2814 huic
309 2748 456 2832 'quidem
485 2749 621 2813 editioni
650 2753 772 2813 certum
801 2750 949 2814 lectionis
977 2750 1093 2814 funda-

76 2840 225 2900 mentum
247 2838 382 2920 deesset,
410 2860 429 2902 a
451 2836 595 2901 librariis
619 2837 658 2902 de
681 2838 803 2902 nostris
827 2837 946 2903 litteris
970 2839 1092 2921 optime

77 2924 203 2989 meritis
233 2924 326 2991 facile
353 2925 538 3011 impetravi,
571 2929 608 2990 ut
635 2927 744 2991 brevis
768 2927 936 2992 adnotatio
961 2927 1092 2991 addere-

76 3016 144 3096 tur,
180 3014 215 3077 in
244 3036 308 3098 qua
339 3019 372 3077 et
399 3016 561 3097 scriptura
587 3016 706 3079 veteris
736 3015 813 3079 libri
842 3037 940 3079 manu
971 3015 1092 3098 scripti,

77 3103 272 3186 ubicumque
304 3103 345 3167 ab
370 3123 408 3168 ea
431 3125 517 3167 nora
545 3103 654 3168 editio·
671 3104 846 3188 recederet,
877 3103 1092 3183 exhiberetur,

78 3194 110 3255 et
137 3213 157 3254 a
184 3191 301 3274 quibus
330 3192 515 3256 auctoribus
544 3193 726 3258 emendatio
750 3193 854 3276 petita
882 3194 981 3275 esset,
1008 3191 1091 3255 indi-

76 3283 211 3344 caretur.
257 3278 368 3364 itaque
399 3279 434 3344 in
466 3281 574 3362 priore
602 3285 695 3366 parte
726 3280 944 3345 adnotationis
973 3280 1090 3343 discre-

75 3368 223 3451 pantiam
248 3367 415 3452 archetypi
434 3368 568 3452 codicis,
592 3393 630 3434 ex
654 3392 717 3454 quo
736 3368 761 3432 ii
779 3369 854 3433 libri
874 3368 990 3452 quibus
1007 3389 1091 3431 nunc

77 3455 198 3520 utimur
222 3456 376 3540 descripti
394 3460 479 3542 sunt,
497 3457 601 3541 posui,
624 3458 658 3522 iu
677 3458 781 3550 altera
800 3479 838 3521 ea
856 3479 937 3541 quae
957 3458 998 3522 ab
1018 3456 1091 3521 aliis

891 3559 929 3615 a*
