2452 3938
307 151 437 207 annun
455 148 691 207 avariciam
709 149 777 204 ms.
796 151 809 204 1
828 131 934 204 4'1-4s
1078 147 1120 214 57

106 299 184 367 illut
207 318 336 382 quoque
358 296 499 361 multum
521 296 665 379 interest,
687 295 723 358 in
745 294 817 359 rudi
839 298 936 380 terra,
962 318 1003 360 an
1026 298 1061 362 in
1083 320 1122 363 ea

108 409 214 470 seraa,
244 407 326 470 quae
355 384 528 468 quotannis
552 384 660 449 obsita
684 383 740 468 sit,
768 405 849 467 quae
872 389 1006 449 vocatur
1028 388 1122 451 resti-

107 476 198 559 bilis,
232 497 274 541 an
306 476 341 538 in
371 477 522 538 vervacto
550 494 632 558 quae
659 472 822 536 interdum
849 473 1013 558 requierit.
1061 473 1152 540 Ouia

105 564 241 650 Agrius,
264 563 304 628 In
327 561 484 646 Olynthia
508 561 711 646 [quotannis]
732 561 893 627 restibilis
912 583 982 627 esse
1001 563 1121 642 dicunt,

80 653 164 719 ssed
184 654 232 718 ita
250 656 288 716 ut
305 652 403 717 tertio
423 672 550 734 quoque
569 672 654 715 anno
673 651 840 715 uberiores
859 651 968 716 ferant
988 652 1121 718 fructos.

105 741 261 824 Licinius,
284 742 409 824 Agrum
433 740 566 805 alternis
591 739 685 803 annis
707 740 848 823 relinqui
874 743 1004 823 oportet
1023 744 1121 825 paulo

108 832 195 912 [aut]
219 829 396 894 levioribus
420 828 612 913 sationibus,
634 828 668 892 id
691 831 742 892 est
765 849 846 912 quae
870 829 978 893 minus
1002 834 1123 916 sugunt

105 925 239 985 terram.

199 1007 342 1090 Dicetur,
364 1006 472 1090 inquit
493 1005 624 1090 Agrius,
648 1005 687 1070 de
709 1005 807 1069 tertio
827 1007 938 1090 gradu,
962 1007 1002 1072 de
1020 1008 1122 1072 nutri-

66 1119 93 1160 ιο
107 1096 292 1162 cationibus
325 1098 423 1179 atque
456 1094 617 1158 alimoniis
650 1116 770 1160 eorum.
815 1094 890 1180 Ille,
922 1095 1012 1172 Quae
1043 1100 1153 1161 netad

108 1187 203 1268 sunt,
235 1184 357 1267 inquit,
387 1185 424 1247 in
455 1183 557 1248 fundo
590 1184 750 1267 alescunt,
783 1185 894 1249 adulta
926 1185 1123 1269 concipiunt,

107 1273 301 1357 praegnatia
326 1271 394 1353 [L],
422 1293 494 1336 cum
519 1275 595 1336 sunt
617 1276 759 1354 matura,
788 1275 922 1356 pariunt
945 1295 1044 1357 poma
1068 1281 1124 1339 aut

109 1362 244 1446 spicam,
262 1361 309 1426 sio
328 1361 401 1426 alia.
430 1383 449 1424 a
468 1381 531 1445 quo
550 1359 740 1443 profectum,
759 1361 844 1424 redit
863 1383 989 1426 semen..
1014 1363 1124 1446 itaque

109 1451 139 1514 si
167 1449 280 1514 florem
307 1450 499 1514 acerbumve
526 1449 635 1531 pirum
665 1448 793 1513 aliudve
817 1449 894 1532 quid
918 1449 1124 1534 decerpseris,

68 1562 95 1602 15
109 1539 146 1603 in
179 1537 292 1603 eodem
324 1538 395 1603 loeo
428 1537 539 1602 eodem
572 1558 656 1600 anno
688 1536 769 1600 nihil
802 1538 999 1623 renascitur,
1038 1539 1124 1621 quod

109 1627 363 1713 praegnationes
391 1626 478 1690 idem
507 1625 558 1689 bis
580 1625 702 1690 habere
725 1646 790 1690 non
813 1629 932 1709 potest.
977 1630 1015 1691 ut
1039 1628 1125 1691 enim

110 1716 265 1780 mulieres
292 1715 415 1779 habent
444 1714 485 1778 ad
512 1716 643 1796 partum
657 1714 738 1778 'dies
769 1719 887 1799 certos,
916 1715 961 1780 sic
994 1716 1125 1781 arbores

112 1826 149 1869 ae
172 1803 226 1868 fru
251 1825 294 1868 es.

201 1825 348 1958 Piimum
362 1892 553 1975 plerumque
569 1913 586 1956 e
599 1894 686 1956 terra
697 1891 765 1956 exit
774 1892 932 1958 hordeum
942 1892 1054 1957 diebus
1065 1912 1125 1978 vll,
1135 1905 1211 1962 XLV

70 2004 97 2044 ao
111 2002 173 2045 nec
198 1982 300 2046 multo
323 1983 399 2065 post
420 1979 577 2064 triticum3
600 1981 767 2066 legumina
784 1982 852 2045 fere
871 1982 1049 2064 quadriduo
1069 1985 1126 2045 aut

112 2070 255 2154 quinque
275 2069 398 2151 diebus,
421 2073 649 2153 praeterquam
668 2069 759 2132 faba:
786 2092 823 2133 ea
842 2070 928 2133 enim
948 2070 1049 2134 serius
1069 2071 1126 2134 ali-

112 2163 236 2241 quanto
254 2157 364 2242 prodit
384 2159 490 2241 [seges
514 2157 681 2238 ostenditl.
714 2158 791 2221 item
811 2158 936 2221 milium
956 2162 989 2222 et
1008 2159 1126 2223 sesima

112 2252 146 2311 et
176 2251 283 2312 cetera
310 2246 461 2310 similiter
494 2246 604 2328 aequis
636 2244 703 2308 fere
738 2245 866 2328 diebus,
898 2251 1127 2330 praeterquam

113 2335 219 2419 siquid
251 2337 341 2420 regio
376 2339 432 2399 aut
464 2337 641 2416 tempestas
673 2332 734 2398 riti
766 2334 893 2414 attulit,
927 2356 990 2417 quo
1019 2337 1126 2398 minus

70 2446 98 2488 2⁵
113 2425 161 2488 ita
183 2424 250 2488 fiat.
296 2445 378 2508 quae
401 2423 436 2487 in
460 2423 633 2486 seminario
656 2424 743 2505 nata,
772 2423 798 2487 si
824 2423 897 2486 loca
920 2426 1015 2486 erunt
1037 2422 1156 2506 frigi-2

113 2512 214 2596 diora,
245 2534 328 2595 quae
351 2513 443 2576 molli
465 2515 583 2575 natura
606 2513 689 2594 sunt,
716 2532 774 2594 per
796 2511 956 2574 brumalia
978 2514 1127 2594 tempora

113 2604 223 2685 tegere
248 2604 377 2684 oportet
400 2600 514 2666 fronde
537 2603 594 2665 aut
613 2600 809 2665 stramentis.
848 2601 874 2664 si
895 2604 989 2665 erunt
1006 2600 1127 2663 imbres

114 2689 227 2772 secuti,
246 2689 418 2754 uidendum
436 2689 553 2754 necubi
573 2711 657 2773 aqua
671 2690 843 2753 consistat:
867 2711 1026 2754 venenum
1041 2689 1127 2753 enim

114 2778 225 2863 gelum
248 2777 411 2843 radicibus
434 2778 570 2842 tenellis.
613 2778 673 2841 sub
697 2779 786 2843 terra
809 2781 842 2842 et
866 2800 963 2861 supra
985 2777 1128 2863 virgulta

70 2896 98 2936 ao
113 2888 180 2930 non
204 2867 316 2931 eodem
340 2871 486 2952 tempore
510 2887 611 2950 aeque
635 2871 795 2931 crescunt:
827 2889 904 2932 nam
927 2867 1050 2932 radices
1074 2873 1157 2930 au·3

204 3093 401 3163 aquodannis
491 3093 624 3148 4ucrius
715 3092 872 3161 quodannis
899 3093 1061 3162 (quotannis
1090 3092 1127 3161 V)

115 3165 237 3234 6paulo
256 3168 306 3219 aut
325 3167 384 3232 (aut
402 3164 486 3232 paulo
506 3164 545 3234 V)
602 3170 635 3218 10
650 3163 742 3232 adque
798 3171 830 3218 11
845 3163 944 3234 inquid
981 3169 1019 3217 12.
1029 3179 1127 3232 praeg-

113 3235 196 3289 natia
221 3235 418 3305 (praegnantis
442 3235 514 3291 Vct
535 3236 673 3289 conaelle
696 3235 867 3305 apoprapbu)
977 3239 1010 3287 16
1029 3249 1128 3303 praeg-

114 3306 240 3362 nationis
313 3312 347 3360 24
366 3304 430 3359 uitii
503 3311 536 3359 30
556 3307 624 3376 non]
643 3323 679 3360 ne

206 3509 223 3556 4
242 3500 338 3570 agrius
356 3513 412 3554 mv·
477 3505 510 3554 22
530 3516 609 3570 seges
629 3498 754 3554 ostendit
771 3500 868 3555 delerit
890 3499 1008 3555 Ursinus
