2452 3938
127 166 171 230 64
420 174 436 200 Χ
533 165 723 221 VARRONIS

127 332 205 374 vasa
229 311 350 374 olearia
373 331 411 375 ao
438 315 598 394 trapetae,
625 333 707 395 quae
732 333 785 375 res
803 311 915 375 >molae
938 309 1079 374 oleariae
1103 329 1141 373 ex

98 400 208 465 6duro
233 402 266 464 et
289 421 403 482 aspero
427 400 542 483 lapide.
588 401 661 465 olea
683 401 767 464 lecta
791 400 820 464 si
841 399 979 462 nimium
1003 397 1059 462 diu
1079 397 1141 462 fuit

128 490 161 550 in
195 487 331 570 acervis,
364 487 492 553 caldore
524 489 676 554 fracescit
708 493 741 552 et
773 489 879 552 oleum
907 487 1067 551 foetidum
1096 486 1140 551 fit.

128 577 238 658 itaque
254 576 282 639 si
295 597 437 660 nequeas
452 580 580 642 mature
594 577 760 658 conficere,
776 577 824 657 [in
839 575 976 656 acervis]
993 575 1140 640 iactando

99 664 284 730 ‘luentilare
304 669 441 747 oportet.
480 689 519 731 ex
538 667 611 732 olea
629 667 752 731 fructus
772 666 899 748 duplex,
920 666 1037 748 oleum,
1056 663 1164 748 quode

129 753 280 817 omnibus
316 757 446 838 notum,
479 762 512 820 et
544 777 689 840 amurca,
721 754 812 819 cuius
848 753 1026 819 utilitatem
1058 752 1142 835 quod

128 841 283 925 ignorant
301 842 458 930 plerique,
479 845 557 909 licet
574 845 683 910 videre
703 865 720 908 e
739 843 873 909 torculis
894 841 1026 906 oleariis
1046 841 1141 905 fluere

128 929 163 992 in
186 950 283 1015 agros
312 953 350 996 ac
375 954 442 998 non
470 933 576 998 solum
599 933 769 1019 denigrare
790 936 927 1014 terram,
955 931 1012 994 sed
1036 930 1142 994 multi·

128 1017 241 1082 tudine
264 1019 370 1084 facere
394 1022 550 1104 sterilem3
574 1042 648 1086 cum
672 1024 700 1085 ie
724 1043 818 1086 umor
840 1019 984 1084 modicus
1008 1019 1141 1085 eumad

130 1107 250 1170 multas
268 1129 319 1172 res
339 1112 409 1173 tum
429 1111 470 1174 ad
490 1112 561 1195 agri
575 1112 735 1175 culturam
749 1109 913 1192 pertineat
927 1106 1142 1192 vehementer,
1153 1129 1173 1170 re

131 1195 217 1277 quod
245 1196 366 1261 circum
394 1200 546 1263 arborum
575 1200 698 1264 radices
726 1198 854 1263 infundi
879 1198 977 1280 solet,
1005 1197 1141 1261 maxime

131 1282 172 1347 ad
196 1284 312 1366 oleam,
335 1291 368 1350 et
389 1287 584 1372 ubicumque
606 1289 641 1353 in
664 1307 743 1373 agro
766 1287 868 1352 herba
890 1289 993 1351 nocet.

85 1385 148 1440 LVI
220 1371 356 1461 Agrius,
387 1376 593 1458 Iamdudum,
624 1377 745 1460 inquit,
777 1376 812 1440 in
839 1375 920 1440 villa
948 1374 1065 1438 sedens
1093 1395 1142 1438 ex·

131 1464 225 1544 pecto
250 1486 323 1530 cum
347 1466 501 1551 clarite,
525 1465 629 1550 Stolo,
657 1465 734 1530 dum
756 1464 882 1529 fructus
905 1464 939 1527 in
961 1463 1075 1528 villam
1099 1482 1141 1526 re·

131 1550 226 1617 feras.
271 1553 346 1639 Ille,
369 1555 432 1620 Em
458 1558 535 1639 quin
560 1555 687 1639 adsum,
710 1555 816 1636 venio,
838 1552 952 1636 inquit,
975 1551 1016 1616 ad
1036 1551 1141 1633 limen,
1152 1569 1172 1613 ιε

131 1638 217 1705 iores
241 1644 339 1727 aperi.
377 1646 517 1728 primum
540 1643 728 1708 faenisiciae
751 1642 933 1707 conduntur
950 1640 1067 1704 melius
1087 1639 1141 1704 sub

131 1731 219 1795 teoto
247 1753 346 1814 quam
373 1733 409 1795 in
437 1733 572 1815 acervis,
601 1733 688 1816 quod
714 1734 762 1796 ita
789 1731 826 1794 fit
848 1730 1018 1795 iucundius
1044 1729 1143 1811 pabu-

131 1817 209 1881 lum.
255 1840 294 1883 ex
322 1841 359 1884 eo
387 1821 600 1905 intellegitur,
628 1821 713 1904 quod
745 1841 843 1904 pecus
871 1825 1009 1902 utroque
1037 1819 1142 1901 posito

74 1905 317 1973 LVIIlibentius
336 1913 395 1973 est.
432 1911 492 1991 [et]
511 1909 657 1974 triticum
676 1910 770 1973 condi
789 1911 921 1992 oportet
941 1907 976 1971 in
995 1905 1144 1990 granaria

67 2025 70 2028 ·
134 1997 296 2077 sublimia,
320 2019 402 2082 quae
425 1998 603 2082 perdentur
625 2001 722 2063 vento
747 1999 787 2062 ab
811 2001 924 2061 exortu
947 2017 985 2060 ac
1010 1998 1172 2079 reptem-a

133 2086 277 2150 trionum
306 2087 453 2171 regione,
481 2087 522 2152 ad
550 2108 633 2172 quae
660 2087 751 2152 nulla
774 2108 854 2150 aura
876 2084 987 2149 umida
1012 2105 1050 2148 ex
1072 2104 1143 2166 pro·

133 2173 265 2259 pinquis
293 2177 373 2240 locis
403 2176 554 2261 adspiret.
599 2177 741 2260 parietes
769 2178 803 2238 et
830 2175 936 2239 solum
962 2194 1067 2255 opere·
1082 2175 1143 2236 teo·

105 2264 219 2328 2tori0
256 2269 456 2330 marmorato
493 2265 708 2348 loricandum3
742 2263 770 2328 si
803 2263 924 2343 minue,
956 2283 995 2325 ex
1029 2260 1145 2346 argilla

135 2352 238 2417 mixta
268 2375 359 2418 acere
379 2376 396 2418 e
414 2354 579 2419 frumento
607 2358 641 2419 et
667 2375 810 2434 amurca,
842 2350 928 2435 quod
958 2371 1085 2415 murem
1116 2351 1146 2413 et

134 2463 276 2508 vermem
303 2465 370 2508 non
397 2444 521 2527 patitur
550 2464 620 2507 esse
644 2446 677 2506 et
704 2462 809 2526 grana
831 2440 910 2504 facit
934 2437 1089 2503 solidiora
1112 2454 1176 2502 aare

134 2531 289 2597 firmiora.
342 2531 471 2616 quidam
502 2533 610 2615 ipsum
638 2531 784 2594 triticum
814 2530 1052 2611 conspergunt,
1075 2549 1147 2592 cum

137 2619 257 2684 addant
280 2621 314 2683 in
337 2620 466 2685 circiter
492 2621 581 2684 mille
604 2619 748 2684 modium
772 2617 966 2702 quadrantal
989 2631 1147 2681 amurcae.

135 2707 214 2771 item
243 2708 327 2771 alius
356 2709 438 2772 aliut
465 2708 585 2773 adfriat
608 2712 665 2772 aut
689 2708 848 2791 aspargit,
876 2709 914 2770 ut
936 2703 1148 2770 chalcidicam

137 2800 193 2858 aut
211 2796 352 2860 caricam
371 2798 493 2860 cretam
512 2800 569 2860 aut
586 2796 797 2878 absinthium,
815 2795 895 2859 item
908 2794 1004 2858 huius
1020 2792 1148 2877 generis

136 2883 208 2947 alia.
259 2885 390 2967 quidam
418 2885 571 2969 granaria
600 2886 722 2950 habent
751 2885 811 2950 sub
841 2884 937 2948 terris
969 2881 1181 2966 speluncaque

136 3009 348 3016 ψ..-

227 3081 260 3130 13
280 3077 412 3145 exspecto
494 3082 527 3130 21
547 3077 663 3131 humida
744 3082 778 3131 23
797 3073 934 3130 loricandi
1005 3079 1042 3127 24
1061 3073 1150 3128 mixto

138 3162 221 3214 agere
241 3162 256 3200 e
274 3148 415 3203 frumento
501 3155 536 3202 26
556 3149 744 3217 conspergant
831 3153 865 3201 27
885 3146 1043 3215 quadrante
1117 3149 1151 3198 29

137 3222 242 3272 cretam
261 3220 311 3273 aut
329 3222 445 3285 (cretam
464 3237 497 3274 ao
522 3220 560 3288 V)
634 3218 814 3273 absenthium

227 3383 259 3433 19
280 3382 309 3433 et
327 3382 454 3435 omissum
472 3380 504 3432 to
522 3380 654 3433 Parisino
672 3378 762 3434 codice
833 3381 867 3430 23
887 3372 1017 3446 argillam
1034 3375 1152 3429 mixtam

138 3465 217 3503 acere
236 3449 399 3505 Prisciam
418 3452 435 3506 l.
457 3451 485 3506 V
495 3467 526 3520 p.
545 3454 609 3518 163,
628 3455 643 3504 1
753 3455 788 3503 26
807 3449 1000 3518 conspergunt
1016 3463 1045 3501 m
1117 3450 1152 3499 27

137 3520 304 3585 quadrantal
323 3522 468 3577 Iucundos
