2452 3938
116 148 157 212 18
531 147 717 203 VARRONIS

114 292 192 358 hinc
214 292 352 376 profecti
376 293 540 379 agricolae
560 292 599 358 ad
619 294 698 358 duas
717 296 819 357 metas
840 292 979 378 dirigere
998 294 1131 381 debent,

115 381 156 445 ad
179 381 358 447 utilitatem
382 386 414 446 et
436 383 648 467 voluptatem.
685 381 811 447 utilitas
831 383 957 466 quaerit
974 381 1131 469 fructum,

114 471 266 554 voluptas
290 471 552 535 delectationem:
576 470 700 553 priores
719 473 828 554 partes
852 470 923 554 agit
942 471 1028 554 quod
1046 471 1129 549 utile

84 563 178 640 aest,
211 580 308 643 quam
341 559 428 643 quod
456 558 602 624 delectat.
646 580 706 622 nec
733 580 799 623 non
827 579 865 622 ea
892 580 975 642 quae
1002 559 1131 626 faciunt

113 649 241 711 cultura
262 647 485 712 honestiorem
509 668 631 733 agrum,
654 648 809 732 pleraque
831 668 896 711 non
916 649 1021 712 solum
1041 648 1127 715 fruc·
1153 673 1165 715 ⁶

111 735 290 800 tuosiorem
323 736 435 801 eadem
467 735 605 819 faciunt,
637 739 675 800 ut
707 757 779 799 cum
806 734 842 798 in
870 735 1016 800 ordinem
1049 745 1129 804 sunt

111 824 237 889 consita
261 825 394 889 arbusta
417 829 514 909 atque
533 824 662 906 oliveta,
685 823 859 889 sedetiam
878 824 1128 891 vendibiliorem

112 916 208 997 atque
237 912 380 978 adiciunt
409 912 450 978 ad
473 912 565 977 fundi
583 912 737 995 pretium.
781 933 878 976 nemo
903 913 988 976 enim
1012 915 1127 979 eadem

110 1000 248 1066 utilitati
270 1023 337 1066 non
359 1001 533 1066 formosius
558 1001 644 1085 quod
667 1004 718 1065 est
742 1021 847 1065 emere
869 1001 993 1065 mavult
1011 1002 1127 1087 pluria,

44 1140 51 1146 .
81 1098 208 1173 3quam
238 1090 265 1153 si
294 1093 345 1154 est
371 1089 554 1154 fructuosus
585 1089 701 1172 turpis.
746 1086 938 1153 utilissimus
962 1094 1073 1155 autem
1098 1092 1125 1157 is
1139 1116 1163 1156 ro

112 1198 190 1261 ager
221 1179 276 1262 qui
309 1178 471 1242 salubrior
502 1182 552 1242 est
580 1199 677 1262 quam
704 1177 762 1241 alii
769 1226 777 1260 ,
810 1177 896 1261 quod
925 1177 972 1242 ibi
999 1178 1125 1245 fructus

111 1270 369 1347 certus3-contra
393 1266 505 1350 [quod]
529 1267 563 1330 in
586 1265 751 1350 pestilenti
772 1265 950 1350 calamitas,
974 1269 1125 1350 quamvis

109 1354 145 1418 in
167 1353 269 1418 feraci
292 1375 380 1439 agro,
404 1356 554 1420 colonum
579 1354 619 1419 ad
642 1355 766 1418 fructus
790 1355 957 1437 pervenire
980 1377 1048 1420 non
1067 1379 1125 1440 pa-

109 1443 199 1507 titur.
245 1444 365 1508 etenim
393 1443 450 1508 ubi
478 1443 564 1508 ratio
593 1465 666 1507 curn
694 1463 769 1507 orco
797 1442 949 1526 habetur,
982 1444 1028 1508 ibi
1057 1467 1126 1511 non

109 1531 205 1596 modo
229 1532 354 1596 fructus
378 1535 427 1596 est
449 1532 607 1616 incertus,
634 1530 691 1596 sed
715 1532 813 1596 etiam
837 1532 1013 1596 colentium
1043 1534 1125 1599 vita.
1140 1558 1165 1598 u

110 1642 208 1704 quare
236 1621 294 1684 ubi
322 1621 497 1685 salubritas
524 1641 590 1684 non
619 1623 681 1702 est,
709 1620 837 1683 cultura
864 1641 930 1684 non
960 1621 1048 1686 aliud
1075 1626 1127 1687 est

78 1713 207 1792 tatque
238 1709 310 1772 alea
338 1709 462 1773 domini
489 1709 574 1772 vitae
604 1729 641 1772 ao
664 1708 712 1772 rei
734 1707 914 1772 familiaris.
959 1711 1019 1773 nec
1041 1709 1125 1776 haec

3 1844 9 1855 .
107 1818 174 1861 non
205 1796 401 1860 deminuitur
430 1796 573 1861 scientia.
622 1796 670 1860 ita
698 1797 782 1859 enim
816 1796 1006 1880 salubritas,
1039 1821 1126 1882 quae

108 1884 237 1949 ducitur
260 1907 277 1948 e
300 1887 388 1949 caelo
413 1889 570 1968 aeterra,
594 1906 661 1948 non
684 1888 734 1948 est
754 1885 791 1948 in
812 1889 925 1949 nostra
947 1889 1125 1973 potestate,

108 1974 164 2037 sed
191 1974 226 2036 in
252 1977 405 2058 naturae,
433 1977 470 2037 ut
492 1977 603 2038 tamen
630 1972 768 2037 multum
792 1974 836 2037 sit
859 1974 1026 2057 innubis,
1056 1998 1123 2060 quo
1138 1999 1164 2040 ro

107 2062 257 2146 graviora
285 2083 367 2145 quae
396 2065 473 2126 sunt
500 2084 539 2126 ea
565 2062 733 2146 diligentia
759 2061 884 2126 leviora
911 2062 1017 2127 faeere
1047 2086 1125 2147 pos-

107 2151 217 2214 simus.
263 2152 384 2215 etenim
412 2151 441 2214 si
470 2154 605 2235 propter
632 2157 752 2214 terram
781 2155 838 2214 aut
866 2172 981 2234 aquam
1013 2152 1124 2238 odore,

106 2260 201 2322 quem
226 2239 336 2323 aliquo
359 2240 432 2305 looo
457 2243 590 2323 eructat,
612 2239 816 2322 pestilentior
840 2243 890 2303 est
912 2238 1040 2324 fundus,
1065 2247 1124 2308 aut

102 2331 239 2413 propter
267 2328 348 2392 caeli
375 2325 541 2412 regionem
570 2348 648 2412 ager
675 2327 810 2392 calidior
839 2328 894 2410 sit,
923 2331 979 2392 aut
1001 2333 1122 2396 ventus

104 2437 170 2480 non
201 2417 307 2482 bonus
338 2417 403 2501 flet,
434 2418 515 2482 haec
546 2417 627 2481 vitia
659 2416 822 2479 emendari
854 2418 960 2480 solent
993 2417 1122 2484 domini
1135 2440 1162 2482 ce

98 2504 240 2569 ‘scientia
264 2527 301 2569 ac
324 2509 464 2589 sumptu,
488 2505 573 2590 quod
596 2504 764 2588 permagni
788 2504 933 2588 interest,
964 2505 1026 2569 ube
1051 2508 1122 2573 sint

103 2593 230 2675 positae
253 2589 365 2678 villae,
395 2598 535 2677 quantae
560 2591 642 2676 sint,
671 2614 733 2676 quo
759 2597 906 2677 spectent
927 2594 1121 2676 porticibus,

73 2681 197 2746 bostiis
221 2703 258 2745 ao
282 2681 443 2745 fenestris
489 2703 533 2746 an
558 2701 625 2744 non
652 2680 708 2744 ille
731 2679 947 2766 Hippocrates
971 2683 1118 2749 medicus

61 2806 67 2818 ·
104 2769 138 2832 in
169 2789 291 2852 magna
322 2768 511 2853 pestilentia
543 2790 609 2832 non
640 2791 740 2833 unum
772 2790 896 2854 agrum,
929 2771 984 2834 sed
1012 2773 1119 2838 multa

104 2857 224 2940 oppida
248 2857 384 2921 scientia
407 2857 570 2922 servavit?
603 2857 658 2922 sed
682 2857 758 2942 quid
781 2879 842 2943 ego
862 2859 953 2923 illum
975 2880 1054 2925 voco
1076 2862 1117 2927 ad
1131 2881 1156 2923 eo

103 2945 351 3010 testimonium?
387 2968 453 3011 non
482 2945 536 3010 hic
563 2944 668 3010 Varro
696 2949 821 3031 noster,
854 2968 926 3011 eum
956 2945 1119 3032 Corcyrae

104 3037 190 3098 esset
223 3034 381 3099 exercitus
414 3056 451 3099 ac
484 3035 596 3100 classis
629 3040 661 3099 et
689 3057 800 3100 omnes
828 3035 941 3100 domus
971 3039 1118 3120 repletae

190 3206 413 3262 sauctuosiora
472 3215 504 3263 17
524 3208 597 3280 area]
618 3208 674 3263 aua
736 3214 769 3264 19
788 3209 891 3265 dieitur
945 3215 979 3264 aa
999 3168 1117 3267 odorem

102 3284 136 3332 25
155 3278 215 3350 flet]
235 3279 285 3332 fiet
355 3285 389 3334 27
409 3281 539 3350 spectant
611 3286 645 3335 28
664 3280 764 3336 hostiis

101 3375 313 3387 b————-

190 3424 206 3474 ὅ
226 3420 440 3476 fructuosiorem
458 3422 612 3477 eundemo
686 3427 719 3475 1‘1
738 3422 835 3478 aleae
914 3427 946 3477 19
966 3421 1115 3480 duciturc

102 3497 136 3546 25
154 3489 237 3546 fleto
309 3494 525 3561 aspectante
