2452 3938
155 112 218 177 128
565 110 752 167 VARRONIS

153 261 258 322 rassct
280 258 405 341 villam,
434 278 468 322 se
497 279 595 340 supra
617 260 747 322 centum
770 255 864 320 milia
887 279 905 321 e
927 256 1008 321 villa
1025 259 1172 340 receptu-

153 369 225 411 rum
255 348 372 430 [agro].
427 366 487 430 age
515 367 581 411 non
609 344 651 408 M.
676 344 757 411 Cato
787 365 906 429 nuper,
943 367 1017 425 cnm
1046 344 1173 410 Luculli

154 435 279 518 accepit
305 435 454 516 tutelam,
487 456 504 498 c
531 435 665 518 piscinis
695 435 764 499 eius
794 433 1011 518 quadraginta
1038 434 1173 498 milibus

103 531 143 590 18
156 523 312 589 sestertiis
340 522 484 588 vendidit
506 523 628 607 piscis?
673 522 788 605 Axius,
816 521 943 586 Merula
965 521 1027 601 mi,
1056 522 1174 606 inquit,

114 624 117 630 “
154 613 263 696 recipe
287 634 338 676 me
362 632 482 696 quaeso
507 611 701 696 discipulum
719 609 882 676 villaticae
900 611 1072 695 pastionis.
1105 610 1176 695 Ille,
1199 632 1209 674 s

156 700 218 777 Qui
242 700 377 766 simulac
400 701 586 785 promiseris
609 700 782 784 minerval,
805 698 973 783 incipiam,
996 699 1104 784 inquit
1129 699 1175 780 [id

156 793 207 855 est
234 792 369 871 cenam}
415 788 488 874 Ego
516 811 591 854 vero
617 810 683 852 non
706 809 833 869 recuso,
860 788 912 852 vei
939 788 1037 853 hodie
1065 788 1114 852 oet
1137 810 1175 852 ex

155 878 221 942 ista
243 879 394 961 pastione
418 877 538 943 crebro.
584 876 721 962 Appius,
744 874 848 941 Credo
873 875 1009 941 simulac
1032 877 1175 959 primum

156 987 194 1030 ex
222 966 286 1031 isto
316 966 460 1031 villatico
484 986 600 1048 pecore
623 966 744 1029 mortui
766 969 862 1029 erunt
884 986 1014 1030 anseres
1039 969 1098 1029 aut
1120 987 1175 1048 pa-

155 1076 266 1119 vones.
294 1052 355 1118 Oui
372 1054 438 1138 ille,
462 1051 545 1128 Quid
568 1054 655 1118 enim
678 1054 825 1136 interest,
846 1055 955 1118 utrum
978 1055 1173 1118 morticinas
1188 1078 1212 1118 ιο

156 1142 251 1206 editis
269 1142 417 1207 volucres
437 1165 479 1207 au
497 1142 613 1228 pisces,
635 1165 717 1228 quos
735 1142 800 1207 nisi
819 1146 965 1207 mortuos
984 1143 1064 1207 estis
1084 1165 1175 1207 num·

157 1230 277 1314 quam?
301 1231 356 1295 sed
380 1253 437 1296 oro
461 1235 503 1314 te,
526 1231 643 1316 inquit,
664 1230 782 1296 induce
804 1253 856 1294 me
874 1229 910 1294 in
927 1231 1013 1294 viam
1033 1231 1175 1315 discipli·

158 1340 219 1383 nae
233 1319 396 1384 villaticas
410 1320 571 1404 pastionis
587 1342 624 1384 ac
643 1320 709 1383 vim
727 1320 931 1403 formamque
951 1320 1019 1383 eius
1041 1341 1175 1403 expone.

102 1404 143 1461 ῙΠ
244 1407 372 1473 Merula
399 1431 464 1473 non
492 1412 641 1494 gravate,
673 1407 831 1492 Primum,
859 1408 978 1491 inquit,
1006 1408 1176 1473 dominum

157 1497 310 1564 scientem
344 1519 414 1562 esse
447 1501 577 1581 oportet
612 1518 722 1561 earum
753 1519 879 1579 rerum,
916 1517 998 1580 quae
1031 1497 1067 1560 in
1100 1496 1177 1562 villa
1187 1521 1211 1563 rs

157 1586 318 1649 circumve
342 1607 414 1650 eom
444 1586 625 1666 [animalia]
657 1585 702 1649 ali
726 1607 763 1650 ac
786 1587 877 1669 pasci
899 1585 1041 1668 possint,
1069 1587 1176 1651 itaut

157 1674 288 1738 domino
318 1673 384 1737 sint
410 1674 530 1738 fructui
559 1695 596 1738 ac
624 1673 841 1739 delectationi.
887 1674 955 1738 eius
986 1673 1175 1758 disciplinae

158 1781 279 1845 genera
297 1765 374 1825 sunt
391 1762 465 1845 tria,
489 1762 688 1844 ornithones,
707 1762 879 1846 leporario,
890 1762 1051 1846 piscinae.
1092 1785 1176 1828 nunc

158 1849 349 1914 ornithonas
378 1850 449 1915 dico
479 1851 623 1915 omnium
647 1852 777 1935 alitum,
810 1872 892 1934 quae
919 1851 1007 1915 intra
1034 1852 1175 1935 parietes

128 1930 255 2004 2villae
283 1939 516 2022 solent-pasci.
562 1939 724 2023 leporario
756 1943 790 2003 te
823 1939 969 2022 accipere
1001 1940 1077 2004 volo
1111 1962 1210 2005 nona

158 2049 195 2090 ea
219 2048 300 2111 quae
324 2027 435 2092 tritavi
458 2028 565 2092 nostri
589 2028 755 2112 dicebant,
781 2028 838 2092 ubi
862 2028 924 2092 soli
946 2027 1076 2112 lepores
1102 2030 1175 2107 sint,

158 2114 214 2179 sed
238 2116 348 2180 omnia
372 2120 498 2200 saepta,
529 2117 648 2181 adficta
670 2116 767 2182 villae
791 2138 874 2201 quae
899 2120 976 2180 sunt
997 2121 1032 2181 et
1054 2117 1176 2184 habeut

157 2203 283 2268 inclusa
311 2205 478 2288 animalia,
509 2226 591 2289 quae
619 2208 806 2289 pascantur.
850 2205 1001 2270 similiter
1032 2207 1175 2289 piscinas

158 2292 229 2358 dico
254 2314 318 2377 eas,
342 2315 424 2377 quae
447 2294 482 2357 iu
502 2316 587 2378 aqua
606 2294 691 2358 dulci
710 2297 767 2358 aut
786 2294 873 2359 salsa
890 2294 1035 2359 inclusos
1054 2295 1177 2361 habent

127 2372 262 2465 3pisces
288 2382 327 2447 ad
351 2382 472 2447 villam.
515 2382 632 2446 harum
654 2403 760 2447 reram
783 2383 914 2468 singula
937 2403 1058 2467 genera
1082 2384 1174 2448 mini·
1187 2406 1209 2448 ss

64 2535 66 2539 .
157 2493 245 2534 mum
274 2472 309 2536 in
332 2471 427 2534 binas
451 2472 573 2553 species
597 2470 699 2536 dividi
720 2475 868 2555 possunt,
895 2471 1060 2555 inprime
1084 2476 1175 2557 parte

158 2562 195 2622 ut
225 2559 292 2623 sint
323 2580 405 2642 quae
432 2563 521 2623 terra
548 2559 643 2624 modo
668 2559 734 2624 sint
757 2562 938 2642 contentae,
961 2563 999 2625 ut
1022 2565 1102 2626 sunt
1124 2583 1177 2645 pa·

158 2668 257 2711 venes
281 2650 424 2711 turtures
447 2647 548 2711 turdi:
585 2649 621 2712 ia
646 2647 751 2712 altera
774 2648 882 2732 specie
906 2651 981 2712 sunt
1005 2671 1090 2733 quae
1112 2671 1177 2716 non

159 2737 236 2798 sunt
264 2737 435 2800 contentae
463 2740 551 2801 terra
580 2737 698 2822 solum,
729 2737 906 2801 sedetiam
930 2758 1051 2821 uquam
1073 2739 1175 2823 requi·

159 2826 243 2906 runt,
261 2826 299 2887 ut
317 2827 395 2887 sunt
415 2846 545 2889 anseres
565 2825 801 2909 querquedulae
820 2829 943 2891 anates.
972 2825 1019 2890 sic
1038 2827 1175 2892 alterum
1187 2851 1210 2893 sc

158 2932 261 2995 genus
298 2911 374 2977 illut
409 2915 593 2978 venaticum
626 2913 707 2979 duas
738 2914 840 2978 habet
867 2914 1010 2980 diversas
1045 2918 1176 3000 species,

249 3095 262 3140 1
282 3089 461 3157 recepturum
479 3104 547 3158 agro
567 3104 620 3157 age
639 3091 718 3159 (agro
737 3105 790 3143 om.
812 3088 850 3158 V)
912 3095 927 3142 2
946 3087 1039 3144 lucilli
1099 3097 1117 3145 4
1136 3106 1175 3144 se·

158 3157 254 3212 stertis
301 3158 382 3212 rvel
397 3161 548 3228 posteriore
565 3161 623 3215 loco
641 3176 691 3214 om.
739 3165 772 3214 16
791 3159 867 3231 eam]
886 3175 920 3216 ea
972 3165 1005 3213 18
1030 3161 1098 3232 tria]
1118 3163 1175 3216 tres

159 3233 192 3280 21
213 3227 279 3299 soli]
299 3228 376 3283 soliti
448 3234 482 3284 25
497 3247 590 3286 rerum
608 3245 659 3286 om.
732 3236 767 3288 28
785 3231 816 3285 in
834 3235 897 3287 ante
915 3230 1007 3291 altera
1025 3247 1077 3290 om.

248 3395 264 3442 2
283 3387 428 3444 Lucullis
502 3394 535 3445 16
554 3387 694 3445 circumue
714 3407 773 3446 eam
795 3389 868 3446 alio
941 3397 973 3444 21
995 3389 1050 3445 soli
1069 3392 1174 3462 lepores

158 3457 266 3514 Gelliam
283 3461 328 3514 II
339 3464 388 3529 20,
406 3466 427 3518 2
