2452 3938
310 181 439 237 RERVM
457 180 694 238 RVSTIOARVM
713 180 779 236 LIB.
799 183 826 236 II
845 190 915 238 3-4
1076 184 1117 249 91

196 325 287 411 Ergo
325 327 381 411 qui
413 348 505 391 suum
541 346 673 411 gregem
705 327 775 392 vult
806 327 927 392 habere
959 326 1120 412 idoneum,

106 414 228 499 eligere
261 419 391 499 oportet
423 415 564 498 primum
592 415 680 480 bona
707 418 828 500 aetate,
865 416 1004 480 seeundo
1032 416 1119 481 bona

104 503 213 568 forma
235 499 289 589 (ea
312 508 363 569 'est
385 525 459 569 cum
481 502 695 587 amplitudine
718 505 953 588 membrorum,
977 507 1120 589 praeter·

105 612 204 676 quam
226 591 362 674 pedibus
386 589 523 679 capite):
546 593 728 658 unicolores
751 592 862 675 potius
887 615 984 678 quam
1002 593 1119 659 varias.

78 702 179 750 ecum
207 679 288 745 haec
315 680 426 745 eadem
454 684 492 745 ut
519 681 664 746 habeant
689 703 797 746 verres
831 681 1017 765 videndum,
1047 686 1118 747 tum

105 769 218 853 utique
242 768 309 832 sint
331 769 510 835 cervicibus
535 769 659 854 amplis.
696 770 775 835 boni
798 770 930 835 seminis
954 789 1026 836 sues
1051 770 1149 837 ani-4

104 857 350 921 madvertuntur
373 880 393 937 a
414 858 498 923 facie
521 861 554 923 et
576 858 731 943 progenie
755 861 788 922 et
810 860 942 942 regione
965 858 1062 923 caeli:
1099 880 1118 923 a

103 945 197 1029 facie,
222 945 250 1010 si
272 945 410 1011 formosi
433 950 509 1010 sunt
531 947 633 1012 verris
658 950 691 1011 et
714 946 835 1033 scrofa3
861 968 883 1012 a
904 947 1067 1032 progenie,
1091 947 1119 1011 si

103 1054 223 1116 porcos
250 1034 371 1100 multos
398 1035 546 1118 pariunt3
583 1058 603 1100 a
629 1035 776 1120 regione,
807 1036 835 1100 si
862 1036 973 1119 potius
1004 1057 1043 1102 ex
1065 1035 1117 1100 his

63 1153 91 1192 ro
104 1123 196 1206 locis,
219 1122 276 1187 ubi
294 1127 471 1188 nascuntur
490 1123 618 1207 amplae
638 1145 734 1207 quam
754 1125 863 1208 exiles,
886 1125 1021 1207 pararis.
1055 1123 1147 1192 emi5

104 1211 213 1275 solent
244 1211 299 1295 sic,
332 1209 455 1277 ‘illasce
487 1233 561 1276 sues
593 1233 689 1276 sanas
722 1233 792 1277 esse
821 1213 1004 1297 habereque
1032 1216 1118 1277 reete

102 1298 202 1363 licere
233 1300 390 1384 noxisque
421 1300 581 1385 praestari
615 1321 718 1384 neque
748 1300 787 1364 de
818 1322 933 1384 pecore
966 1302 1118 1367 morboso

104 1408 177 1452 esse
201 1385 424 1470 spondesnel’.
464 1388 596 1474 quidam
619 1387 764 1452 adiciunt
785 1389 971 1472 perfunctas
1000 1411 1070 1454 esse
1099 1412 1119 1455 a

103 1475 191 1539 febri
214 1479 246 1539 et
270 1498 289 1541 a
312 1475 403 1541 foria.
1201 1482 1203 1485 ’

62 1595 90 1635 15
194 1563 232 1627 In
255 1568 353 1649 pastu
375 1565 464 1630 locus
484 1564 558 1629 huic
576 1564 685 1647 pecori
704 1566 800 1648 aptus
818 1564 1009 1648 uliginosus,
1032 1565 1118 1648 quod

105 1653 288 1717 delectatur
319 1675 385 1719 non
416 1653 522 1718 solum
556 1674 640 1738 aqua
669 1653 725 1718 sed
753 1653 850 1718 etiam
878 1654 958 1718 luto.
1007 1654 1118 1738 itaque

105 1742 148 1807 cb
169 1763 240 1805 eam
258 1763 327 1807 rem
348 1741 440 1807 aiunt
456 1747 560 1826 lupos,
579 1763 652 1807 eum
671 1741 739 1806 sint
758 1741 870 1806 nancti
887 1763 969 1821 sues,
989 1742 1118 1807 trahere

104 1850 207 1913 usque
236 1830 275 1895 ad
304 1851 435 1914 aquam,
464 1831 550 1915 quod
578 1832 689 1895 dentes
717 1831 876 1896 fervorem
905 1831 1010 1896 carnis
1033 1831 1118 1896 ferre

103 1922 276 2002 nequeant.
324 1919 387 1983 hoc
414 1940 510 2003 pecus
545 1920 644 1984 alitur
670 1921 810 1983 maximo
838 1918 970 2003 glande,
1002 1920 1147 1987 deinde6

61 2037 91 2077 20
104 2007 184 2071 faba
202 2011 235 2070 et
253 2007 374 2073 hordeo
394 2012 426 2072 et
445 2011 551 2072 cetero
569 2008 744 2091 frumento,
764 2028 846 2093 qnae
865 2029 917 2072 res
936 2029 1001 2072 non
1021 2008 1116 2072 modo

103 2093 367 2179 pinguitudinem
400 2096 553 2177 efficiunt,
586 2096 642 2160 sed
675 2095 773 2160 etiam
806 2096 912 2160 carnis
941 2095 1117 2160 iucundum
1195 2140 1198 2144 -

104 2205 265 2267 saporem.
304 2188 433 2267 pastum
457 2184 591 2266 exigunt
614 2188 737 2248 aestate
760 2204 854 2247 mane
878 2188 920 2265 et,
943 2188 1117 2268 antequam

105 2277 215 2337 aestus
238 2273 383 2357 incipiat,
406 2272 562 2357 subigunt
579 2272 614 2336 in
634 2272 821 2337 umbrosum
840 2273 955 2351 locum,
978 2274 1117 2338 maxime

104 2361 163 2424 ubi
182 2382 267 2445 aqua
287 2363 342 2425 sit:
365 2365 442 2444 post
459 2360 626 2426 meridiem
644 2382 755 2424 rursus
773 2359 876 2424 lenito
894 2359 1020 2424 fervore
1044 2383 1118 2443 pas·

62 2479 90 2519 aa
105 2453 191 2513 cunt.
241 2449 378 2514 hiberno
418 2454 565 2531 tempore
596 2470 662 2513 non
693 2449 782 2532 prius
814 2448 948 2533 exigunt
978 2451 1118 2532 pastum,

104 2558 203 2621 quam
226 2538 345 2622 pruina
368 2539 499 2602 evanuit
522 2560 560 2603 ac
583 2537 818 2622 conliquefacta
841 2543 892 2600 est
910 2536 1038 2621 glacies.
1076 2537 1146 2603 adl

105 2626 249 2690 feturam
271 2648 380 2692 verres
405 2626 529 2692 duobus
552 2626 716 2690 mensibus
741 2630 817 2692 ante
836 2624 1029 2691 secernendi.
1063 2647 1118 2710 op-

103 2715 222 2778 timum
251 2715 291 2779 ad
319 2715 532 2780 admissuram
561 2718 690 2800 tempus
722 2737 741 2779 a
772 2714 905 2780 favonio
937 2714 977 2778 ad
1012 2715 1119 2799 aequi·

102 2804 248 2868 noctium
272 2825 420 2868 vernum:
443 2804 491 2868 ita
514 2804 600 2868 enim
624 2803 787 2888 contingit
806 2807 843 2868 ut
861 2807 983 2869 aestate
1001 2805 1116 2887 pariat.

196 2993 448 3064 3amplitudinem
519 2993 704 3050 luniaoloris
775 2995 916 3050 thabeat
983 2999 1118 3050 8aaate

103 3065 241 3134 progenis
264 3081 314 3120 om.
388 3070 422 3119 10
445 3067 553 3135 amplas
582 3083 666 3135 quam
697 3064 778 3120 exilis
808 3067 902 3134 parari
930 3063 999 3120 semi
1028 3064 1119 3119 solent

105 3135 262 3190 sicuibasce
286 3153 350 3191 sues
432 3142 464 3191 17
490 3137 568 3190 nacti
590 3136 698 3206 (nancti
720 3138 777 3191 cod.
803 3137 882 3204 Par.)
973 3140 1007 3189 20
1032 3134 1118 3206 quae]

105 3208 236 3276 qnodque
308 3212 342 3262 22
363 3207 493 3278 exsigunt
509 3209 603 3277 priore
621 3208 678 3262 loco
757 3268 761 3277 ¹

197 3387 213 3436 3
232 3382 418 3453 amplitudine
436 3401 483 3440 me
581 3389 597 3438 5
616 3383 740 3438 habeant
758 3399 773 3436 v
873 3388 890 3437 8
914 3399 931 3437 a
948 3381 1083 3452 progenie
1101 3398 1118 3436 v
1157 3375 1161 3379 ’

106 3460 141 3510 10
160 3455 278 3524 amplae
291 3471 376 3524 qnam
395 3454 481 3510 exiles
499 3457 616 3525 paratae
639 3455 756 3511 Ursinus
847 3459 878 3508 11
903 3453 1001 3508 illasce
1021 3454 1118 3508 suase

105 3530 140 3580 20
160 3541 233 3593 quae
250 3542 295 3581 res
313 3542 360 3581 mv
