2452 3938
158 157 221 222 116
573 156 761 214 VARRONIS

155 303 224 369 fere
246 305 280 367 ct
302 302 445 367 nutrices
473 307 508 367 et
535 306 657 367 matres
681 304 819 384 [semel].
864 301 970 368 Simul
990 302 1111 386 aspicit
1134 301 1174 366 ad

156 413 207 457 me
230 395 278 476 et,
300 390 347 455 Vt
369 396 402 455 te
425 391 513 456 audii
537 391 658 476 dicere,
680 392 806 476 inquit,
827 412 902 457 enm
924 392 960 455 in
982 391 1175 456 Liburniam

156 481 314 563 venisses,
350 485 384 543 te
422 480 542 545 vidisse
574 484 695 544 matres
726 481 871 546 familias
901 501 1016 545 eornm
1047 479 1175 544 adferre

155 570 247 655 ligna
274 573 307 634 et
333 569 432 633 simul
458 591 590 653 pueros,
623 590 706 653 quos
733 570 874 652 alerent,
905 569 989 634 alius
1018 568 1176 654 singulos,

157 658 239 723 alias
266 658 377 742 binos,
404 679 486 742 quae
509 657 723 723 ostenderunt
748 658 835 723 fetas
856 661 1004 740 nostras,
1033 678 1118 742 quae
1140 657 1199 722 ins

156 747 304 831 conopiis
327 746 437 812 iacent
455 746 523 810 dies
542 747 676 830 aliquot,
698 767 770 811 esse
788 746 954 811 eiuncidas
973 767 1013 810 ac
1030 749 1175 811 contem-

128 835 290 905 9nendes.
327 833 388 901 Oui
411 854 483 920 ego,
506 832 611 918 Certe,
632 835 779 918 inquam:
801 857 879 899 nam
901 835 937 898 in
958 834 1091 918 Illyrico
1114 834 1176 900 hoc

158 925 307 1009 amplius,
324 927 538 1009 praegnatem
553 945 658 1007 saepe,
676 945 751 988 cum
769 924 860 987 venit
873 923 1023 1007 pariendi
1035 927 1176 1008 tempus,

157 1035 225 1080 non
252 1014 349 1097 longe
377 1013 418 1078 ab
444 1033 543 1096 opere
566 1011 728 1077 discedere
750 1013 860 1096 ibique
883 1013 1015 1076 enixam
1037 1033 1175 1094 puerum

157 1102 287 1184 referre,
309 1122 403 1184 quem
426 1121 491 1166 non
513 1101 687 1185 peperisse,
710 1101 766 1165 sed
788 1101 951 1165 invenisse
973 1103 1086 1184 putes3
1118 1119 1207 1164 neco

158 1211 225 1254 non
248 1189 346 1254 etiam
368 1188 441 1272 hoo,
464 1210 545 1273 quas
569 1189 711 1274 virgines
730 1191 778 1254 ibi
798 1190 978 1274 appellant,
999 1210 1071 1255 non
1087 1210 1175 1252 num·

159 1299 257 1363 quem
281 1299 439 1342 annorum
462 1278 597 1362 viginti,
619 1278 736 1362 quibus
759 1299 832 1342 mos
854 1299 968 1343 eorum
989 1298 1060 1343 non
1084 1277 1173 1343 dene

159 1366 264 1451 gavit,
287 1370 363 1431 ante
383 1367 513 1451 nuptias
532 1370 571 1431 ut
590 1368 835 1432 succumberent
858 1367 976 1450 quibus
1002 1366 1130 1431 vellent
1145 1369 1174 1430 et

109 1456 359 1525 lOincomitatis
382 1459 420 1520 ut
440 1456 555 1541 vagari
577 1455 692 1520 liceret
708 1460 743 1520 et
759 1456 846 1521 filios
864 1455 993 1519 habere.
1027 1453 1120 1531 Quae
1137 1453 1173 1519 ad

159 1545 372 1610 valitudinem
392 1546 557 1629 pertinent
575 1544 746 1609 hominum
766 1567 804 1609 ac
821 1544 948 1628 pecoris
967 1546 1002 1608 et
1021 1544 1094 1609 sine
1113 1560 1199 1609 men

159 1634 230 1699 dico
249 1633 356 1698 curari
374 1637 522 1717 possunt,
540 1633 735 1718 magistrum
754 1633 878 1717 scripta
894 1632 1018 1697 habere
1037 1635 1171 1717 oportet

159 1722 187 1786 is
216 1722 301 1786 enim
330 1722 399 1785 sine
426 1723 544 1785 litteris
572 1722 707 1787 idoneus
729 1743 796 1787 non
818 1727 884 1805 est,
914 1721 1001 1805 quod
1031 1723 1170 1787 rationes

160 1809 339 1877 dominicas
362 1810 530 1893 pecuarias
554 1811 711 1875 conficere
732 1810 928 1894 nequiquam
951 1814 1041 1874 recte
1060 1813 1170 1894 potest

161 1898 201 1966 de
210 1919 346 1963 numero
357 1901 525 1982 pastorum
536 1898 592 1962 alii
603 1899 783 1983 angustius,
792 1899 850 1962 alii
862 1899 968 1963 laxius
977 1900 1169 1964 constituere

162 1988 275 2052 solent.
313 2008 374 2073 ego
393 1988 429 2051 in
447 1989 623 2072 octogenus
641 1988 745 2052 hirtas
764 2009 840 2053 oves
859 1987 1007 2071 singulos
1026 1990 1197 2070 pastoresn

111 2076 332 2159 lloonstitui,
360 2075 489 2140 Atticus
512 2076 547 2140 in
570 2079 731 2141 centenas.
776 2096 891 2160 greges
913 2074 1025 2140 ovium
1050 2076 1082 2140 si
1105 2078 1170 2142 sunt

161 2165 280 2249 magni,
296 2185 377 2248 quos
391 2164 551 2229 miliarios
565 2164 689 2230 faciunt
702 2164 842 2248 quidam,
855 2163 982 2229 facilins
997 2162 1037 2228 de
1051 2184 1171 2229 summa

161 2251 330 2318 hominum
350 2253 520 2319 detrahere
538 2254 655 2406 possis,
674 2275 772 2355 quam
791 2253 829 2317 de
843 2251 1033 2336 minoribns,
1051 2257 1091 2318 ut
1104 2254 1171 2318 sunt

162 2340 289 2407 etAtt
249 2343 378 2406 ttlciet
399 2342 472 2407 mei.
518 2345 591 2426 sept
592 2341 752 2427 ingenarii
775 2340 861 2406 enim
884 2341 961 2405 mei.
990 2343 1037 2424 tu,
1062 2341 1171 2426 opinor

162 2431 403 2516 octingenarios
421 2429 576 2513 habuisti,
593 2452 652 2495 neo
671 2433 782 2496 tamen
800 2451 876 2514 non,
893 2433 930 2494 ut
947 2450 1020 2532 nos,
1039 2432 1198 2495 arietums

162 2521 328 2585 decumam
351 2523 487 2605 partem
533 2519 574 2583 ad
586 2540 755 2672 tequarum
779 2539 912 2604 gregem
934 2515 1170 2606 quinquagens-

161 2608 246 2672 rium
273 2607 342 2673 bini
370 2609 585 2692 homines,u
586 2607 675 2692 tique
703 2631 724 2672 u
725 2610 839 2691 terque
866 2607 984 2673 horum
1007 2614 1046 2673 ut
1070 2629 1171 2676 secum

160 2695 282 2761 habeat
310 2717 408 2780 equas
436 2696 578 2761 domitas
602 2695 807 2782 singulesin
829 2695 881 2760 his
904 2696 1114 2782 reg10n1bus,
1142 2699 1171 2762 in

161 2812 282 2821 -----
315 2813 373 2818 -..-

251 2875 267 2924 2
286 2868 385 2938 mquid
439 2875 457 2923 4
475 2869 584 2925 alerent
603 2869 723 2939 (alerent
746 2869 785 2939 V)
836 2875 851 2925 5
871 2871 1057 2926 ostenderunt
1075 2873 1171 2941 (osten-

162 2941 234 2997 dunt
257 2941 298 3011 V)
359 2941 556 2996 dleuuncidas
620 2948 799 3023 8praegnax
862 2947 896 3023 12
913 2958 1007 2997 nonne
1026 2939 1173 3012 denegarit

162 3015 230 3084 (non
253 3010 408 3082 deneganit
431 3011 471 3081 V)
550 3018 583 3067 16
604 3011 714 3081 possint
792 3017 826 3066 21
851 3012 948 3068 ouium
969 3011 1021 3067 sed
1044 3028 1172 3084 magnum

161 3091 196 3142 24
219 3084 310 3155 possit
381 3088 415 3140 24
440 3085 470 3138 et
492 3081 534 3138 uit
556 3083 608 3138 tici
631 3082 739 3138 etmel
764 3082 957 3154 septingensri
983 3081 1060 3140 enim
1083 3101 1128 3139 me
1145 3083 1172 3136 tu

162 3156 262 3265 opisor
280 3155 487 3263 octingenarius

254 3259 400 3352 lmatres.
420 3295 505 3350 simul
524 3293 658 3364 aspicito
708 3295 888 3352 deiuncidas
908 3296 1054 3352 Turnebus
1072 3297 1171 3353 odone.

161 3373 193 3440 4,
221 3374 239 3425 6
269 3374 293 3424 ct
326 3369 465 3425 Victorius
555 3374 571 3422 8
599 3367 804 3450 praegnantem
832 3384 849 3423 o
940 3371 973 3421 16
1005 3368 1171 3451 possuntne

162 3411 197 3496 ai
216 3442 248 3494 ut
267 3441 332 3495 sunt
350 3444 379 3495 et
397 3438 485 3494 Attici
504 3439 533 3493 et
550 3437 615 3492 mei.
641 3437 846 3508 septingenarii
860 3436 935 3494 enim
947 3439 1013 3509 mei,
1032 3440 1064 3494 tu
1079 3438 1172 3509 opinor

169 3510 308 3566 Victorius
379 3514 413 3566 24
433 3508 674 3579 octingensrioso
