2452 3938
126 154 191 218 160
467 202 471 207 .
542 152 728 210 VARRONIS

125 298 270 363 brassica
293 320 405 363 ceram·
423 301 457 363 et
479 297 600 362 cibumt
623 320 683 363 neo
705 320 771 362 non
795 297 891 362 aliter
914 298 1030 383 duplex
1054 303 1143 384 quod

124 387 164 451 fic
187 407 204 450 e
227 388 313 451 malo
337 390 370 451 et
392 386 473 470 piris
501 386 721 470 silvestribus,
750 387 859 451 cibum
886 391 919 451 et
947 389 1021 453 mel:
1057 390 1140 453 item

127 475 222 540 aliter
244 475 361 559 duplex
384 475 470 557 quod
494 497 511 539 e
534 497 703 559 papavere,
726 496 833 540 ceram
857 478 890 539 et
913 476 984 540 mel
1018 476 1138 560 triplex

126 563 341 628 ministerium
365 584 493 649 quoque
515 563 594 647 fieri,
617 566 655 627 ut
677 584 717 627 ex
738 585 820 628 nuce
844 583 961 647 graeca
983 569 1015 628 et
1033 587 1050 628 e
1067 566 1140 648 lap·

127 673 206 716 sano
235 651 358 730 cibum,
386 653 463 734 mel,
491 673 606 717 ceram.
655 653 735 716 item
762 673 802 716 ex
830 651 904 716 aliis
933 652 1065 718 floribus
1093 655 1142 717 ita
1169 674 1181 714 5

126 761 267 825 carpere,
285 744 323 804 ut
341 740 407 804 alia
426 740 467 805 ad
486 740 633 825 singulas
653 762 704 805 res
725 743 864 822 sumant,
883 741 948 805 alia
967 741 1008 805 ad
1022 741 1145 824 plures,

75 837 187 895 26nec
209 850 277 893 non
300 829 398 892 etiam
423 829 506 893 aliut
528 829 699 894 discrimen
724 832 902 912 sequantur
927 830 962 893 in
992 832 1145 912 carptura

127 922 185 982 aut
208 939 262 981 eas
286 919 450 1002 sequatur,
472 920 509 980 ut
531 918 567 981 in
589 917 695 1000 mello,
718 917 804 1001 quod
828 939 866 981 ex
885 917 1001 981 aliare
1022 918 1146 983 faciant

126 1005 283 1089 liquidum
307 1005 390 1089 mel,
412 1010 450 1069 ut
472 1027 489 1069 e
513 1006 635 1070 siserae
657 1006 750 1088 flore,
777 1027 817 1069 ex
839 1005 902 1070 alia
923 1009 1039 1070 contra
1065 1007 1146 1090 spis·

128 1116 208 1175 sum,
231 1097 268 1158 ut
291 1116 308 1158 e
330 1115 403 1157 rore
427 1093 568 1177 marin03
606 1094 653 1158 sic
677 1116 716 1158 ex
739 1094 805 1160 alia
827 1116 871 1178 re,
893 1097 970 1158 ute
993 1095 1057 1158 fico
1082 1095 1183 1159 melu

75 1182 270 1263 271nsuave,
292 1202 308 1245 e
331 1182 434 1265 cytiso
458 1182 589 1266 bonum,
612 1204 629 1246 e
652 1182 767 1267 thymo
787 1183 955 1265 optimum.
983 1183 1050 1246 cibi
1067 1206 1146 1267 pars

128 1269 213 1353 quod
240 1270 332 1353 potio
361 1272 395 1333 et
424 1291 462 1334 ea
485 1270 526 1334 iis
551 1292 635 1353 aqua
658 1271 796 1354 liquida,
827 1271 911 1335 unde
933 1269 1050 1349 bibant
1075 1293 1145 1337 esse

128 1362 266 1442 oportet,
290 1379 426 1442 eamque
449 1359 674 1443 propinquum,
698 1381 780 1443 quae
802 1359 1013 1442 praeterfluat
1035 1362 1144 1425 autin

128 1447 270 1530 aliquem
298 1447 405 1511 lacum
426 1446 562 1530 influat,
590 1448 638 1512 ita
665 1450 702 1511 ut
731 1469 772 1512 ne
796 1447 968 1512 altitudine
992 1449 1142 1513 escendat

128 1534 191 1600 duo
216 1538 274 1600 aut
295 1539 361 1599 tres
381 1536 519 1621 digitos:
555 1538 591 1600 in
614 1558 679 1620 qua
700 1558 784 1620 aqua
807 1536 935 1601 iaceant
957 1541 1062 1601 testae
1084 1539 1139 1600 aut
1153 1554 1177 1595 u

126 1623 244 1707 lapilli,
271 1623 319 1688 ita
345 1628 383 1687 ut
410 1628 523 1689 extent
549 1625 696 1708 paulum,
723 1624 779 1688 ubi
808 1624 951 1688 adsidere
975 1628 1010 1689 et
1032 1624 1143 1690 bibere

126 1713 264 1795 possint.
310 1713 344 1775 in
373 1734 436 1795 quo
467 1713 639 1796 diligenter
661 1713 811 1777 habenda
834 1715 909 1778 curu
931 1716 969 1776 ut
991 1735 1079 1798 aqua
1103 1714 1145 1778 sit

127 1821 217 1884 pura,
241 1799 327 1882 quod
350 1801 391 1863 ad
410 1800 610 1865 mellificium
630 1803 752 1866 bonum
771 1802 980 1866 vehementer
998 1802 1143 1885 prodest.

75 1896 115 1953 28
127 1888 214 1974 quod
235 1909 302 1952 non
324 1888 431 1952 omnis
455 1891 632 1972 tempestas
657 1891 697 1954 ad
714 1893 846 1973 pastum
864 1890 993 1973 prodire
1012 1890 1145 1975 longius

127 1977 264 2061 patitur,
292 1977 535 2060 praeparandus
564 1978 668 2063 cibus,
695 2000 736 2042 ne
764 1981 835 2042 tum
861 1978 956 2044 melle
984 1984 1182 2062 coganturro

128 2066 197 2129 solo
229 2065 337 2132 vivere
369 2069 426 2131 aut
457 2067 638 2150 relinquere
671 2067 853 2131 exinanitas
887 2068 986 2131 alvos.
1041 2067 1147 2152 igitur

126 2152 261 2217 ficorum
288 2153 459 2239 pinguium
488 2154 615 2220 circiter
638 2156 748 2221 decem
770 2156 878 2239 pondo
902 2156 1090 2239 decoquont
1113 2158 1147 2221 in

129 2262 231 2324 aquae
260 2242 385 2327 congiis
413 2264 481 2326 sex,
511 2266 591 2327 quas
619 2248 727 2309 coctas
755 2245 789 2307 in
819 2243 899 2309 offas
922 2265 1025 2327 prope
1046 2245 1146 2329 adpo-

128 2333 220 2395 nunt.
267 2331 322 2394 alii
354 2353 472 2415 aquam
500 2333 641 2397 mulsam
669 2334 704 2396 in
732 2333 871 2397 vasculis
899 2353 1000 2416 prope
1029 2335 1069 2396 ut
1103 2334 1147 2398 sit

128 2422 252 2501 curant,
273 2420 307 2484 in
327 2441 408 2503 quae
423 2420 547 2485 addunt
560 2421 670 2486 lanam
684 2442 809 2504 puram,
827 2443 886 2505 per
900 2426 996 2504 qua'm
1013 2425 1146 2506 sugant,
1160 2438 1180 2479 2⁶

127 2529 192 2572 uno
223 2510 370 2591 tempore
397 2531 438 2574 ne
465 2514 546 2592 potu
573 2509 711 2574 nimium
738 2509 926 2593 inpleantur
949 2511 1006 2573 aut
1030 2532 1074 2575 ne
1100 2511 1148 2575 in-

128 2595 238 2660 cidant
260 2597 294 2659 in
317 2619 444 2681 aquam.
482 2599 610 2683 singula
628 2619 707 2662 vasa
725 2601 852 2680 ponunt
875 2597 915 2662 ad
939 2597 1043 2682 alvos,
1066 2598 1147 2664 haec

129 2684 329 2767 supplentur.
366 2686 423 2749 alii
441 2708 538 2750 uvam
556 2709 687 2770 passam
706 2691 739 2750 et
760 2685 857 2751 ficum
881 2707 954 2751 cum
971 2685 1146 2772 pisierunt,

220 2864 233 2910 1
253 2873 316 2911 cera
336 2859 364 2911 et
382 2858 476 2912 cibum
494 2861 617 2928 (caeram
636 2861 666 2914 et
685 2859 778 2914 cibum
801 2859 840 2927 V)
877 2865 893 2912 2
913 2858 1022 2930 cibum]
1040 2860 1146 2915 circum

129 2927 269 2998 3cerum]
298 2944 363 2982 cera
421 2935 437 2982 6
463 2930 495 2983 ut
522 2930 589 3001 alia]
618 2932 650 2985 ut
678 2930 748 2984 alias
772 2931 816 2999 (ut
839 2930 896 2984 alia
922 2928 960 3000 V)
1028 2936 1044 2986 7
1069 2931 1147 2986 aliud

129 2997 281 3053 discrimen
303 2999 385 3068 (aliut
403 2998 554 3055 discrimen
572 3003 629 3056 cod.
650 3001 730 3070 Por.)
773 3007 788 3055 9
808 3001 838 3055 ct
855 3001 913 3055 alia
931 3002 1032 3056 contra
1079 3008 1110 3057 11
1130 3018 1145 3055 e

129 3075 192 3125 aute
211 3070 300 3140 cytiso
318 3087 369 3127 om.
424 3069 515 3126 thimo
571 3077 605 3125 14
623 3072 715 3126 locum
766 3077 799 3126 17
819 3072 887 3142 quo]
906 3087 964 3140 qua
1012 3079 1049 3128 20
1083 3086 1142 3125 rue·

128 3142 283 3222 parandum
302 3140 346 3195 his
366 3139 445 3196 cibus
482 3148 517 3196 24
536 3142 592 3198 sint
634 3145 668 3196 25
687 3142 799 3214 puram]
817 3159 970 3213 purpuram
1007 3150 1044 3201 28
1059 3090 1144 3198 doum

130 3213 331 3280 comprsrerunt

218 3359 233 3404 2
253 3350 348 3406 cibum
367 3353 470 3407 etmel
493 3353 633 3409 Victorius
705 3359 721 3408 3
744 3369 838 3408 ceram
855 3355 1004 3411 Iucundos
1077 3360 1093 3409 9
1115 3370 1152 3409 ex

129 3419 186 3475 alia
209 3424 306 3476 contra
329 3425 386 3479 cod.
412 3425 479 3480 Par.
554 3430 586 3478 11
611 3439 627 3478 e
652 3424 761 3494 cythiso
787 3426 934 3481 locandos
1010 3429 1046 3480 24
1069 3424 1109 3479 sit
1134 3443 1150 3481 c

129 3495 163 3545 28
182 3508 245 3545 cum
263 3493 400 3562 pisierunt
419 3496 475 3550 cod.
498 3495 566 3551 Par.
