2452 3938
283 139 413 195 RERVM
431 138 667 196 Rvsrmnnvn
686 143 754 197 LlB.
773 142 799 196 Il
818 150 834 197 9
1009 141 1073 206 113
1107 192 1110 198 ,

57 285 115 371 sed
132 285 319 350 minutatim
338 285 528 350 desuefiunt.
559 286 699 351 educunt
718 308 773 352 eos
792 288 901 370 plures
920 288 955 351 in
972 309 1075 351 unum

56 377 166 440 locum
194 378 226 438 et
255 374 393 438 inritant
415 374 457 438 ad
478 374 704 459 pugnandum,
731 397 793 459 quo
817 376 902 440 fiunt
925 376 1074 460 acriores,

56 484 164 547 neque
183 461 357 547 defatigari
374 462 554 546 patiuntur,
573 485 636 546 quo
655 465 738 529 fiunt
756 464 932 547 segniores.
956 485 1075 529 consue
1087 472 1126 529 13

58 573 188 637 quoque
206 551 332 616 faciunt
350 555 386 614 ut
404 551 535 635 alligari
553 553 680 635 possint
698 554 840 639 primum
858 552 983 618 levibus
1006 553 1075 618 vin-

31 641 132 706 sclis:
178 661 261 724 quae
290 636 318 703 'si
347 639 504 704 abrodere
532 645 706 723 conantur,
732 663 773 706 ne
800 641 835 705 id
862 644 1076 706 consuescant

58 729 177 813 facere,
199 728 387 793 verberibus
410 749 466 792 eos
489 728 650 794 deterrere
673 731 789 796 solent.
825 731 943 813 pluviis
962 730 1075 794 diebus

58 817 184 884 cubilia
220 816 457 881 substernenda
493 817 606 882 fronde
643 823 700 883 aut
731 819 852 902 pabulo
884 819 1009 884 duabus
1038 817 1076 881 de

59 906 184 988 causis,
214 909 252 969 ut
280 927 321 970 ne
349 905 537 970 oblinantur
567 911 624 970 aut
652 907 900 992 perfrigescunt
946 907 1077 992 quidam
1089 913 1130 970 14
1171 923 1174 926 ·

59 1017 117 1060 eos
136 997 289 1076 castrant,
308 993 394 1077 quod
413 1016 451 1059 eo
469 995 576 1058 minus
595 999 715 1078 putant
732 996 915 1080 relinquere
929 1015 1076 1080 gregem:

19 1108 44 1149 ιο
58 1083 193 1167 quidam
222 1104 290 1147 non
315 1083 455 1167 faciunt,
488 1083 572 1167 quod
600 1106 656 1149 eos
684 1086 819 1151 credunt
848 1084 955 1149 minus
988 1105 1077 1149 acres

56 1171 139 1236 fieri.
185 1171 316 1254 quidam
343 1172 480 1236 nucibus
511 1173 635 1256 graecis
663 1173 698 1236 in
726 1195 811 1257 aqua
842 1173 931 1238 tritis
963 1194 1079 1259 perun-

59 1264 143 1345 gunt
170 1280 263 1324 aures
292 1263 324 1323 et
346 1260 431 1324 inter
454 1260 589 1344 digitos,
617 1262 703 1344 quod
725 1284 855 1327 muscae
878 1266 911 1327 et
933 1263 1028 1328 ricini
1051 1265 1080 1328 et

58 1348 185 1432 pulices
210 1349 344 1429 soleant,
368 1348 397 1412 si
418 1349 481 1413 hoc
503 1350 647 1434 unguine
667 1371 734 1414 non
758 1351 804 1414 sis
823 1372 911 1435 usus,
933 1372 972 1413 ec
991 1350 1078 1414 exul-

60 1459 182 1503 cerare.
226 1457 266 1502 ne
290 1437 500 1502 vulnerentur
523 1459 542 1501 a
564 1437 688 1516 bestiis,
715 1439 915 1521 inponuntur
938 1437 989 1502 his
1013 1439 1078 1501 col·
1091 1445 1131 1502 15

22 1548 47 1590 rs
60 1526 157 1608 laria,
178 1546 261 1609 quae
284 1529 443 1590 vocantur
466 1526 608 1609 melium,
635 1525 669 1590 id
694 1529 744 1590 est
767 1527 934 1610 cingulum
958 1526 1079 1590 circum

63 1615 184 1680 collum
216 1635 256 1678 ex
287 1615 375 1678 corio
408 1615 501 1693 firmo
530 1636 604 1678 cum
631 1616 769 1680 clavulis
798 1615 964 1699 capitatis,
997 1635 1079 1698 quae

62 1704 152 1767 intra
187 1703 295 1787 capita
327 1703 470 1767 insuitur
502 1703 597 1786 pellis
630 1705 751 1787 mollis,
782 1727 823 1768 ne
851 1707 968 1769 noceat
995 1703 1080 1768 collo

64 1791 185 1856 duritia
203 1791 296 1855 ferri:
316 1792 410 1876 quod,
430 1792 456 1856 si
474 1793 570 1876 lupus
589 1792 712 1858 aliusve
732 1794 802 1876 quis
821 1793 873 1858 his
892 1794 1080 1858 vulneratus

64 1883 124 1964 est,
146 1879 289 1964 'reliquas
314 1901 441 1965 quoque
465 1903 559 1946 canes
583 1881 672 1965 facit,
700 1904 782 1966 quae
806 1882 840 1947 id
861 1904 928 1946 non
950 1882 1081 1965 habent,

23 1989 49 2031 ro
62 1972 102 2033 ut
124 1969 191 2033 sint
213 1971 248 2032 in
271 1971 354 2033 tuto.
390 1991 544 2035 numerus
563 1991 680 2034 canum
703 1993 763 2054 pro
785 1970 912 2054 pecoris
934 1969 1133 2034 multitu-16

64 2057 140 2122 dine
164 2058 247 2122 solet
270 2057 393 2140 parari:
426 2058 493 2122 fere
517 2058 682 2123 modicum
705 2080 775 2123 esse
798 2061 930 2142 putant,
958 2062 995 2121 ut
1019 2057 1082 2121 sin·

65 2145 135 2237 guli
168 2150 345 2231 sequantur
377 2147 526 2230 singulos
559 2146 726 2229 opiliones.
779 2146 818 2210 de
850 2168 913 2230 quo
946 2168 1081 2211 numero

64 2235 148 2300 alius
172 2234 272 2299 alium
295 2235 427 2299 modum
451 2235 634 2318 constituit,
654 2235 752 2318 quod,
777 2236 805 2298 si
826 2239 902 2299 sunt
924 2236 1083 2319 regiones,

22 2381 24 2385 .
64 2323 124 2387 ubi
147 2323 271 2388 bestiae
295 2323 362 2388 sint
384 2324 515 2406 multae,
538 2323 659 2388 debent
683 2345 752 2387 esse
774 2324 892 2407 plures,
922 2323 1007 2406 quod
1032 2344 1083 2386 ac·

24 2432 52 2474 ss
67 2410 147 2476 cidit
171 2412 225 2476 his
252 2412 308 2495 qui
334 2433 393 2495 per
421 2413 519 2477 calles
551 2412 714 2477 silvestres
747 2411 943 2497 longinquos
977 2410 1084 2475 solent
1165 2497 1167 2500 Α

68 2500 219 2565 comitari
246 2500 280 2564 in
309 2501 432 2566 aestiva
460 2503 493 2564 et
519 2500 666 2565 hiberna.
712 2501 856 2566 villatico
880 2520 961 2567 ‚vero
991 2498 1085 2584 gregi

65 2589 102 2653 in
124 2588 260 2654 fundum
289 2589 368 2653 satis
393 2612 462 2654 esse
486 2590 564 2673 duo,
591 2593 624 2653 et
651 2590 685 2654 id
712 2611 836 2654 marem
864 2593 897 2654 et
920 2587 1084 2652 feminam.

65 2675 122 2741 ita'
138 2677 225 2742 enim
248 2681 325 2743 sunt
348 2678 558 2760 adsiduicres,
580 2679 666 2762 quod
689 2700 762 2743 cum
785 2679 888 2744 altero
908 2678 986 2742 item
1005 2678 1085 2742 ulter

65 2766 106 2844 fit
139 2766 257 2846 acrior,
295 2770 328 2831 et
361 2769 388 2831 si
421 2768 575 2832 alteruter
606 2788 704 2853 aeger
736 2771 797 2847 est,
834 2789 875 2832 ne
909 2766 978 2832 sine
1007 2787 1085 2832 cane

23 2877 51 2916 so
66 2875 148 2939 grex
172 2855 223 2918 sit.

130 2997 177 3116 hc
206 2994 276 3116 {snt
305 2992 447 3117 segniores
521 3001 536 3048 6
564 2995 727 3077 uerueribus
808 3000 840 3047 12
870 2993 1086 3116 τίοἱηὶΙριιΙέᾳοε

69 3063 188 3204 iiopii]
232 3081 275 3188 134
289 3065 446 3216 nesciiioeima
479 3065 1088 3216 toiliisnliilstlllllhnenltpgrle’gemutliuciliri

69 3206 160 3330 alttero
173 3205 265 3331 uideni
283 3205 316 3258 fit
339 3221 430 3260 acrior
453 3206 482 3259 et
506 3222 529 3258 s1
552 3207 624 3260 alter
640 3206 736 3260 urdem
752 3204 817 3259 fiter
835 3220 919 3273 aeger
937 3205 980 3258 est
996 3205 1088 3257 meede

67 3293 105 3330 reo
118 3295 136 3331 a
154 3293 172 3330 a
189 3292 252 3345 pose
266 3294 292 3330 a.

161 3422 194 3471 12
222 3416 304 3472 ricini
333 3418 363 3472 et
390 3417 497 3487 pulices
526 3417 675 3474 recuccus
763 3423 796 3472 14
822 3417 866 3472 his
895 3415 1014 3473 collaria
1041 3429 1088 3470 mo

69 3495 105 3544 26
125 3489 241 3558 gragio
300 3495 334 3544 29
354 3487 426 3544 alter
443 3489 544 3545 itidem
563 3492 625 3545 uter
644 3491 768 3560 Scaliger

125 3590 213 3630 Venno
228 3598 281 3628 sna,
296 3598 364 3629 nvsr.
913 3583 929 3631 8
