2452 3938
341 156 472 212 RERVM
490 155 726 212 RVSTIGARVM
745 156 812 212 LIB.
831 157 892 212 119
1056 159 1117 221 111

100 325 142 368 11
171 325 191 367 1
219 301 429 366 venatoribus
456 305 513 365 aut
539 300 636 365 laniis
664 323 760 366 canes
785 322 887 386 emas,
918 303 1012 366 alteri
1035 304 1119 386 quod

102 392 143 456 ad
158 412 258 475 pecus
277 389 475 474 sequendum
494 390 627 473 inertem
651 391 756 472 alteri,
773 391 801 454 si
819 391 959 456 viderint
977 391 1119 474 leporem

103 483 160 545 aut
183 500 329 562 cervum,
358 478 443 563 quod
473 501 545 543 eum
573 480 681 562 potius
709 500 806 563 quam
833 501 910 545 oves
939 483 1074 564 sequent
1113 529 1120 544 .

102 589 203 653 quare
222 589 242 632 a
260 567 445 651 pastoribus
465 571 574 651 empta
593 569 716 645 melior,
740 590 822 652 quae
841 590 917 634 oves
935 569 1027 652 sequi
1045 590 1120 633 con-

75 655 224 740 1111111,
255 664 312 720 111
339 655 408 720 sine
431 656 501 720 ulla
523 656 754 721 consuetudine
778 678 860 740 quae
878 657 984 723 fuerit.
1028 658 1119 722 canis

102 746 190 811 enim
208 745 336 810 facilius
356 744 432 828 quid
453 744 624 827 adsuescit,
649 766 750 829 eaque
770 746 969 811 consuetudo
988 747 1120 830 firmior,

102 855 187 920 quae
210 834 249 898 fit
272 833 312 897 ad
335 836 493 917 pastores,
516 855 614 917 quam
637 855 719 917 quae
743 834 784 898 ad
801 835 949 918 pecudes
986 835 1147 900 Publius6

101 922 255 988 Aufidius
286 920 465 986 Pontianus
498 920 723 987 Amiterninus
756 944 829 987 cum
862 944 976 1008 greges
1010 924 1119 988 ovium

102 1012 238 1076 emisset
264 1012 298 1074 in
320 1009 459 1074 Vmbria
485 1011 620 1089 ultima,
649 1011 765 1094 quibus
794 1013 947 1097 gregibus
972 1013 1040 1076 sine
1063 1034 1118 1096 pa·

62 1127 88 1167 ro
103 1101 248 1165 storibus
272 1120 367 1164 canes
391 1100 609 1182 accessissent,
639 1104 786 1185 pastores
809 1104 847 1164 ut
870 1101 1063 1164 deducerent
1085 1103 1120 1165 in
1189 1156 1191 1160 ,

102 1188 347 1272 Metapontinos
370 1188 474 1251 saltus
493 1191 526 1252 et
544 1187 721 1252 Heracleae
740 1191 931 1272 emporium,
953 1189 1027 1254 inde
1046 1211 1119 1253 cum

103 1278 236 1342 domum
255 1276 415 1341 redissent
433 1276 487 1360 qui
506 1277 546 1340 ad
565 1277 673 1340 locum
691 1276 899 1362 deduxerant,
922 1300 939 1342 e
960 1278 1118 1343 desiderio

102 1365 275 1431 hominum
299 1365 411 1429 diebus
434 1366 545 1449 paucis
570 1368 685 1448 postea
704 1387 799 1430 canes
820 1388 878 1430 sua
898 1370 1022 1448 sponte,
1046 1389 1119 1431 oum

104 1454 229 1519 dierum
252 1454 430 1518 multorum
452 1455 507 1519 via
529 1453 714 1532 interesset,
738 1454 800 1518 sibi
823 1475 862 1517 ex
885 1456 973 1537 agris
997 1454 1120 1519 cibaria

64 1569 91 1610 rs
104 1543 326 1627 praebuerunt
348 1547 444 1626 atque
468 1542 502 1605 in
521 1541 692 1607 Vmbriam
717 1542 757 1605 ad
780 1545 928 1624 pastores
948 1541 1120 1607 redierunt.

103 1653 209 1717 neque
238 1652 347 1696 eorum
375 1631 544 1713 quisquam
568 1631 704 1713 fecerat,
732 1631 817 1715 quod
840 1631 874 1695 in
898 1632 970 1715 egri
993 1631 1121 1695 cultura

105 1719 244 1784 Saserna
267 1719 441 1803 praecepit,
465 1719 518 1802 qui
543 1719 643 1784 vellet
667 1742 700 1784 se
725 1742 743 1783 a
767 1742 846 1784 cane
865 1720 991 1803 sectari,
1015 1723 1051 1783 ut
1069 1741 1118 1783 ra-

104 1830 182 1874 nam
213 1808 333 1874 obiciat
361 1810 494 1872 coctam.
540 1809 652 1892 magni
678 1809 815 1874 interest
842 1832 880 1874 ex
904 1809 1026 1874 semine
1050 1831 1119 1874 esse

106 1919 202 1963 canes
222 1896 343 1978 eodem,
367 1896 452 1980 quod
472 1899 603 1979 cognati
621 1898 759 1981 maxime
777 1899 863 1962 inter
881 1920 915 1961 se
936 1903 1012 1962 sunt
1030 1919 1120 1979 prae·

64 2013 90 2052 so
105 1987 198 2051 sidio.
235 1985 380 2069 sequitur
399 1990 550 2068 quartum
570 1986 608 2050 de
628 1987 807 2069 emptione:
830 1987 869 2049 fit
888 1987 1031 2066 alterius,
1051 1993 1154 2049 eum7

105 2097 125 2140 a
147 2075 256 2159 priore
279 2074 409 2138 domino
434 2074 574 2138 secundo
598 2074 737 2138 traditus
762 2078 820 2137 est.
863 2073 902 2137 de
926 2074 1063 2137 sanitate
1087 2077 1120 2137 et

104 2185 192 2228 noxa
215 2163 441 2246 stipulationes
465 2162 548 2224 fiunt
571 2162 716 2244 eaedem,
739 2183 821 2245 quae
845 2163 879 2226 in
902 2183 1032 2244 pecore,
1055 2162 1121 2225 nisi

105 2251 193 2336 quod
218 2251 273 2316 hic
300 2251 426 2315 utiliter
456 2253 625 2332 exceptum
649 2254 708 2314 est.
754 2250 810 2313 elii
832 2250 973 2333 pretium
995 2249 1121 2316 faciunt

105 2343 141 2404 in
164 2340 291 2425 singula
314 2339 421 2422 capita
444 2360 569 2421 canum,
592 2338 649 2402 alii
672 2342 709 2402 ut
732 2339 831 2402 catuli
855 2343 1030 2422 sequantur
1053 2359 1120 2401 ma-

63 2454 90 2495 es
105 2434 201 2508 trem,
219 2429 275 2492 alii
293 2431 331 2491 ut
350 2428 418 2492 bini
433 2427 532 2491 catuli
546 2428 641 2491 unius
656 2426 745 2492 canis
759 2448 929 2490 numerum
944 2426 1120 2507 obtineant,

105 2521 146 2582 ut
168 2519 274 2583 solent
296 2516 364 2581 bini
387 2515 465 2598 agni
489 2516 571 2599 ovis,
599 2516 744 2599 plerique
776 2519 810 2578 ut
834 2515 989 2579 accedant
1013 2535 1120 2592 canes,

106 2606 161 2690 qui
186 2607 384 2670 consuerunt
406 2627 477 2669 esse
500 2626 572 2668 una.

197 2693 331 2760 (libatus
359 2695 447 2758 cenis
476 2693 608 2776 propior
635 2693 776 2757 hominis
800 2715 897 2777 quam
923 2692 1002 2756 ovis
1047 2699 1150 2774 pas-8

197 2873 318 2937 4quare
338 2868 388 2921 aut
405 2866 565 2936 pastoribus
639 2872 654 2920 ’1
673 2867 717 2938 fit]
737 2867 775 2922 111
837 2873 869 2922 10
888 2869 920 2921 11
938 2866 1074 2921 dederent
1091 2865 1122 2918 in

104 2937 295 3009 metampinos
323 2939 412 2992 saltus
440 2939 470 2990 et
500 2937 657 3008 traclepore
689 2937 753 2992 inde
781 2941 873 2994 mendi
900 2943 967 2993 eota
994 2937 1122 3005 adposita

107 3017 141 3066 12
162 3010 230 3081 quid
248 3009 284 3062 ad
302 3009 395 3063 locum
414 3006 475 3077 (qui
493 3009 529 3062 ad
547 3009 640 3064 locum
664 3009 703 3076 V)
777 3015 811 3063 14
828 3009 962 3064 interesse
1026 3013 1121 3060 2011-
1221 3016 1225 3024 ’

105 3081 204 3152 quitur
221 3082 363 3151 quartum]
382 3079 431 3134 sed
451 3080 525 3146 quod
540 3096 656 3147 quarum
694 3084 727 3134 21
742 3081 877 3134 traditum
893 3080 935 3134 est
971 3083 1122 3145 22111111

104 3158 141 3208 26
161 3169 228 3208 1111
300 3156 334 3206 28
353 3149 481 3221 proprior
499 3151 623 3220 (propior
645 3149 682 3217 V)

196 3301 214 3348 4
232 3296 282 3348 aut
301 3310 318 3347 a
335 3291 494 3361 pastoribus
512 3309 528 3346 e
546 3295 571 3344 et
590 3291 656 3345 libri
673 3291 832 3344 recentiores
898 3294 931 3342 10
951 3287 1121 3341 deducerent

110 3366 251 3422 Victorius
273 3370 299 3419 et
322 3365 388 3419 iibri
409 3363 568 3418 recentiores
642 3366 673 3415 11
698 3359 727 3414 in
751 3358 959 3427 Metapontinos
986 3356 1073 3411 saltus
1093 3358 1122 3411 et

104 3438 261 3492 Heracleae
279 3435 436 3505 emporium
454 3451 470 3490 u
508 3439 541 3486 14
555 3432 705 3488 interesset
717 3449 764 3486 me
801 3436 835 3485 20
850 3429 976 3498 sequitur
989 3428 1120 3496 quartum

105 3509 253 3564 Iucundiu
324 3513 358 3561 26
378 3505 473 3562 ouisu
