2452 3938
307 180 438 236 RERVM
455 181 693 238 RVSTICARVM
711 183 777 238 LIB.
793 186 805 238 I
821 189 925 240 11-13
1081 184 1124 249 29

108 329 146 392 in
168 327 346 392 humilibus
370 348 407 392 ac
431 328 519 392 cavis
541 328 620 392 locis
642 327 789 393 aedificia
807 329 939 414 habeut,
962 333 996 394 et
1013 353 1125 415 repen-

107 417 200 481 tinae
227 416 427 499 praedonum
455 438 570 480 manus
599 417 684 501 quod
711 417 893 500 inprovisos
917 417 1045 483 facilius
1070 442 1124 503 op-

108 507 250 589 primere
284 508 436 588 possunt,
467 505 508 569 ab
541 505 601 570 hac
629 508 767 590 utraque
793 527 827 571 rc
859 507 1027 590 superiora
1054 509 1125 572 loca

108 593 244 659 tutiora.

79 705 94 746 s
200 681 240 746 In
263 680 344 747 villa
366 681 516 747 facienda
539 681 670 746 stabula
692 682 747 760 ita,
776 685 812 746 ut
835 682 959 747 bubilia
983 683 1049 748 sint
1071 685 1202 769 ibi,x111

108 771 326 854 hieme'quae
348 771 477 853 possint
500 792 570 835 esse
593 770 744 836 caldiora.
790 770 925 855 fructus,
948 774 985 836 ut
1007 775 1057 836 est
1079 774 1126 837 vi-

108 880 191 922 num
219 862 252 922 et
280 859 400 941 oleum,
428 858 499 923 loco
527 859 624 942 plano
653 859 688 921 in
715 859 820 943 cellis,
847 860 925 924 item
956 863 1019 942 [ut]
1048 883 1127 926 vasa

109 947 240 1012 vinaria
273 950 306 1010 et
334 947 455 1012 olearia
482 948 590 1030 potius
621 947 820 1012 faciendum:
853 949 977 1034 aridus,
1009 951 1046 1013 ut
1078 953 1127 1014 est

109 1036 191 1100 faba
223 1037 256 1099 et
286 1034 430 1120 faenum,
459 1035 494 1098 in
525 1037 689 1101 tabulatis.
735 1036 861 1100 familia
892 1037 949 1102 ubi
980 1041 1127 1102 versetur

67 1149 95 1189 ιο
110 1123 361 1207 providendum,
395 1125 423 1188 si
450 1124 529 1188 fessi
562 1146 658 1208 opere
691 1127 749 1189 aut
775 1124 897 1210 frigore
925 1130 983 1191 aut
1011 1127 1128 1210 calore,

110 1213 169 1277 ubi
193 1212 453 1277 commodissime
476 1213 606 1293 possint
629 1235 663 1276 se
687 1213 794 1296 quiete
818 1215 1005 1298 reciperare.
1041 1215 1156 1282 vilici2

87 1300 296 1386 ‘proximum
318 1301 450 1365 ianuam
473 1302 588 1366 cellam
616 1323 687 1365 esse
716 1305 845 1385 oportet
873 1324 1010 1388 eumque
1039 1304 1128 1387 scire,

111 1391 168 1473 qui
191 1389 334 1453 introeat
356 1394 413 1454 aut
436 1392 531 1453 exeat
553 1392 651 1454 noctu
675 1388 791 1472 quidve
814 1389 913 1474 ferat,
936 1392 1127 1475 praesertim

112 1478 142 1542 si
171 1477 324 1542 ostiarius
352 1479 403 1542 est
429 1499 534 1542 nemo.
583 1477 618 1541 in
645 1478 759 1560 primis
787 1478 894 1542 culina
925 1479 1064 1543 videnda
1093 1483 1128 1542 ut

69 1591 97 1632 15
112 1567 157 1630 sit
186 1566 330 1650 admota,
365 1566 450 1650 quod
482 1566 530 1630 ibi
561 1565 667 1629 hieme
696 1565 896 1630 antelucanis
925 1567 1128 1650 temporibus

112 1653 239 1737 aliquot
261 1677 312 1719 res
336 1655 562 1732 conficiuntur,
585 1654 677 1719 cibus
699 1657 889 1737 paraturae
909 1654 1044 1739 capitur.
1081 1656 1128 1720 fa·

112 1743 266 1808 ciundum
290 1743 389 1809 etiam
417 1743 571 1826 plaustris
600 1765 637 1808 ac
664 1750 770 1808 cetero
798 1743 1014 1809 instrumento
1038 1746 1132 1809 omni,

111 1833 148 1895 in
177 1831 309 1896 cohorte
336 1835 373 1896 ut
401 1831 482 1896 satis
510 1851 631 1915 magna
655 1833 719 1896 sint
741 1835 839 1918 tecta,
862 1833 978 1917 quibus
1003 1835 1128 1899 caelum

111 1919 260 2004 pluvium
291 1919 467 1985 inimicum.
512 1921 592 1985 haec
624 1921 710 1985 enim
743 1922 771 1985 si
803 1922 891 1985 intra
919 1922 1063 1987 clausum
1094 1923 1128 1985 in

69 2032 98 2072 20
112 2012 291 2091 consaepto
315 2012 348 2072 et
371 2010 431 2074 sub
455 2008 522 2092 dic,
550 2009 654 2072 furem
677 2009 774 2073 modo
798 2031 864 2074 non
886 2014 1049 2092 metuunt,
1073 2010 1128 2074 ad-

112 2118 226 2162 versus
248 2100 477 2181 tempestatem
500 2101 671 2162 nocentem
692 2119 759 2162 non
776 2098 942 2162 resistunt.
978 2099 1158 2164 cohortes3

85 2224 89 2234 x
112 2188 149 2250 in
171 2185 271 2250 fundo
295 2206 414 2270 magno
438 2185 519 2250 duae
544 2186 701 2268 aptiores:
726 2208 790 2250 una
813 2189 850 2249 ut
873 2186 1128 2252 interdius'con·

112 2274 260 2359 pluvium
283 2273 404 2339 habeat
426 2275 541 2355 laeum,
565 2273 621 2337 ubi
644 2294 729 2355 aqua
752 2273 857 2356 saliat,
880 2275 937 2357 qui
955 2276 1043 2339 intra
1063 2278 1128 2358 sty-

113 2362 258 2440 lobatas,
291 2384 363 2426 cum
390 2363 481 2446 velit,
512 2362 555 2426 sit
586 2361 800 2444 semipiscina.
849 2363 947 2426 boves
976 2363 1062 2426 enim
1086 2385 1129 2425 ex

69 2472 99 2514 ss
115 2472 195 2516 arvo
219 2453 342 2515 aestate
365 2450 489 2516 reducti
511 2449 784 2532 hicbibunt,1hic
802 2449 1049 2534 perfunduntur,
1069 2472 1129 2514 nec

113 2539 224 2604 minus
248 2561 266 2604 e
288 2539 410 2622 pabulo
443 2562 517 2605 cum
548 2539 714 2603 redierunt
741 2561 885 2624 anseres,
915 2561 1002 2623 sues,
1030 2540 1129 2622 porci.

112 2629 151 2693 in
174 2628 307 2692 cohorte
335 2628 623 2716 exteriorelacum
647 2649 716 2691 esse
740 2631 884 2711 oportet,
911 2628 967 2692 ubi
990 2650 1127 2693 macere-

112 2719 169 2780 tur
200 2717 362 2799 lupinnm,
396 2718 474 2780 item
503 2717 567 2780 alia
596 2737 678 2800 quae
710 2716 852 2781 demissa
879 2716 914 2780 in
942 2739 1060 2801 aquam
1089 2716 1130 2781 ad

113 2825 211 2869 usum
244 2806 372 2887 aptiora
403 2806 495 2871 fiunt.
548 2803 664 2869 cohors
697 2806 837 2870 exterior
869 2806 981 2870 crebro
1015 2809 1160 2890 operta4

66 2917 98 2964 ,ao
115 2894 307 2957 stramentis
341 2915 378 2957 ac
410 2894 505 2977 palea
538 2894 702 2957 occulcata
733 2893 870 2976 pedibus
902 2893 1060 2977 pecudum
1092 2895 1130 2957 fit

113 2981 268 3046 ministra
286 2981 395 3064 fundo,
414 3004 453 3046 ex
472 3002 511 3046 ea
530 2981 615 3066 quod
633 2982 797 3046 evehatur.
831 2982 1005 3047 secundum
1019 2983 1129 3047 villam

113 3071 180 3135 duo
209 3069 326 3135 habere
355 3073 485 3154 oportet
512 3070 679 3136 stercilina
702 3075 758 3134 aut
781 3094 880 3135 unum
908 3070 1059 3134 bilariam
1083 3071 1129 3132 di-

112 3159 231 3222 visum.
282 3159 418 3223 alteram
452 3159 535 3222 enim
568 3163 695 3242 partem
727 3159 798 3223 fieri
831 3162 960 3242 oportet
989 3158 1127 3238 [villam]

113 3268 249 3330 novam,
280 3247 417 3311 alteram
445 3251 588 3312 veterem
614 3247 686 3311 tolli
714 3249 748 3310 in
776 3268 905 3332 agrum,
933 3246 1018 3329 quod
1043 3248 1129 3310 enim

207 3461 271 3510 tre
289 3472 340 3512 om.
432 3461 465 3510 16
484 3454 599 3524 aliquod
680 3461 715 3511 24
734 3472 769 3522 ex
786 3456 854 3510 arbo
938 3461 972 3510 26
992 3471 1006 3510 e
1025 3457 1128 3525 psuolo

112 3533 151 3582 32
170 3530 307 3581 autunum
325 3528 502 3596 (autumnum
516 3528 642 3596 plurima
660 3527 831 3598 apographa)
