2452 3938
127 156 169 220 80
543 157 728 212 VARRONIS

126 301 198 365 cibo
224 301 414 384 sustinetur,
442 306 475 365 et
497 301 629 366 inicitur
653 302 790 386 aliquid,
819 301 993 387 ne'frigus
1016 301 1138 367 medat:

127 389 252 454 sitienti
281 411 365 473 aqua
392 390 501 473 tepida
529 390 633 456 datur.
679 391 707 455 si
734 391 795 455 hoe
825 411 927 474 genus
952 390 1048 455 rebus
1072 412 1139 455 non

126 478 301 563 proficitur,
325 479 508 544 demittitur
531 478 676 563 sanguis,
699 479 839 544 maxime
863 501 880 543 e
904 478 1020 562 capite.
1059 479 1138 543 item

127 567 168 631 ad
191 568 272 631 alios
296 568 427 632 morbos
451 568 535 632 aliae
560 589 674 632 causae
697 571 733 632 et·
757 568 823 633 alia
850 568 958 652 signa,
988 568 1024 633 in
1051 568 1139 632 omni

126 677 241 739 pecore
261 677 343 741 quae
363 657 483 738 scripta
502 656 622 720 habere
642 660 771 740 oportet
790 658 986 741 magistrum
1002 656 1137 740 peeoris.
1164 678 1175 719 s

74 755 116 812 24
126 745 320 827 relinquitur
346 759 467 808 nonum
495 745 581 828 quod
612 744 694 829 dixi,
724 744 762 809 de
789 766 940 828 numero,
970 744 1138 829 utriusque

125 834 227 916 partis
252 854 430 899 commune.
466 856 542 898 nam
567 837 599 898 et
623 834 679 917 qui
701 838 797 918 parat
820 855 917 919 peeus
938 853 1072 898 neeesse
1091 837 1139 899 est

127 921 304 986 constituat
323 943 500 1004 numerum,
523 925 603 1005 quot
620 942 736 1006 greges
756 926 789 986 et
808 925 947 1007 quantos
967 922 1011 986 sit
1029 926 1139 1005 pastu·

126 1033 191 1093 rus,
213 1032 254 1074 ne
278 1014 334 1075 aut
358 1011 460 1075 saltus
484 1010 592 1074 desint
611 1014 668 1074 aut
687 1010 852 1094 supersint
864 1012 904 1074 'et
921 1009 995 1075 ideo
1014 1009 1139 1075 fruetus

127 1099 322 1183 dispereant.
373 1102 541 1181 praeterea
573 1098 654 1163 seire
687 1102 831 1183 oportet,
862 1098 896 1162 in
928 1119 1028 1184 grege
1063 1102 1175 1183 quatro

126 1186 264 1251 feminas
297 1186 430 1271 habeat,
465 1209 548 1271 quae
578 1209 691 1272 parere
723 1187 865 1272 possint,
898 1191 977 1273 quot
1009 1187 1139 1271 arietes,

127 1278 207 1360 quot
224 1275 393 1359 utriusque
413 1277 540 1360 generis
560 1277 699 1360 suboles,
723 1279 801 1360 quot
818 1277 958 1341 reiculae
977 1276 1044 1340 sint
1063 1277 1138 1341 alie·

127 1363 261 1428 nandae.
306 1365 340 1428 in
365 1365 537 1449 alimoniis,
561 1365 589 1430 si
613 1370 689 1429 sunt
711 1367 820 1449 plures
843 1365 922 1448 nati,
945 1368 981 1428 ut
1005 1364 1139 1449 quidem

127 1453 262 1532 faciunt,
296 1453 494 1538 sequendum
524 1458 561 1518 ut
589 1454 746 1538 quosdam
774 1453 949 1536 subducas,
979 1475 1061 1538 quae
1090 1475 1139 1518 res

126 1541 233 1607 faeere
256 1543 339 1606 solet
361 1545 399 1606 ut
421 1543 537 1626 reliqui
559 1542 674 1606 melius
698 1545 853 1607 crescant.
879 1571 881 1575 ·
1152 1563 1174 1606 15

75 1638 115 1697 25
217 1629 315 1713 Vide,
347 1630 454 1713 inquit
485 1630 633 1713 Atticus,
664 1653 705 1695 ne
737 1635 769 1695 te
788 1630 897 1695 fallat
929 1633 962 1694 et
991 1651 1139 1695 novenae

127 1719 209 1783 istae
224 1721 333 1801 partes
347 1740 416 1782 non
429 1722 544 1782 exeant
558 1722 649 1782 extra
662 1719 788 1803 peeoris
803 1718 939 1785 minoris
955 1739 991 1783 ae
1006 1719 1138 1784 maioris

126 1827 255 1871 nomen.
293 1828 356 1890 quo
380 1809 474 1889 paeto
499 1806 585 1871 enim
609 1812 705 1871 erunt
727 1809 762 1871 in
784 1808 880 1872 mulis
900 1810 933 1871 et
950 1809 1138 1890 pastoribus

127 1916 272 1959 novenae
300 1898 424 1979 partes,
451 1894 508 1960 ubi
535 1917 594 1960 neo
621 1895 820 1961 admissurae
848 1917 907 1961 neo
934 1896 1061 1961 feturae
1087 1897 1139 1963 ob-

76 1983 319 2051 26servantur?
342 1984 377 2047 in
400 1984 534 2049 canibus
558 1986 643 2050 enim
666 1984 759 2050 video
783 2007 879 2069 posse
903 1983 974 2050 diei.
1020 1984 1077 2049 sed
1098 1985 1172 2051 don

128 2072 225 2136 etiarn
248 2074 283 2136 in
304 2072 492 2137 hominibus
515 2094 612 2157 posse
635 2077 846 2139 novenarium
869 2071 1004 2137 retineri
1030 2096 1139 2138 nume·

127 2182 210 2243 rum,
233 2161 320 2245 quod
342 2162 376 2226 in
399 2161 544 2227 hibernis
566 2161 688 2227 habent
710 2163 745 2226 in
768 2163 855 2227 villis
880 2160 1048 2247 mulieres,
1072 2162 1139 2246 qui-

128 2249 202 2312 dam
230 2248 328 2314 etiam
356 2251 390 2314 in
419 2250 564 2329 aestivis,
601 2255 633 2315 et
659 2250 693 2315 id
720 2252 883 2335 pertinere
911 2254 1043 2334 putant,
1076 2273 1139 2335 quo

127 2337 254 2404 facilius
289 2339 329 2402 sd
363 2359 477 2424 greges
510 2344 656 2422 pastores
688 2340 867 2422 retineant,
902 2342 936 2404 et
967 2338 1139 2422 puerperio

127 2426 285 2492 familiam
307 2427 433 2492 faciunt
456 2429 612 2493 maiorem
635 2432 668 2492 et
689 2449 759 2492 rem
787 2429 971 2511 pecuariam
993 2427 1137 2494 fructuo-
1150 2447 1173 2488 ss

129 2516 256 2580 siorem.
312 2515 380 2595 Sis,
412 2517 558 2601 inquam,
591 2538 743 2580 numerus
776 2538 841 2582 non
873 2519 924 2581 est
955 2518 992 2581 ut
1024 2517 1069 2582 sit
1101 2517 1140 2581 sd

130 2605 300 2686 amussim,
326 2608 364 2669 ut
390 2626 455 2668 non
484 2608 548 2688 est,
576 2627 648 2670 oum
676 2606 813 2671 dicimus
842 2605 929 2669 mille
952 2626 1053 2669 naves
1075 2605 1141 2670 isse

129 2691 169 2754 ad
194 2691 335 2774 Troiam,
358 2693 588 2758 centumvirale
611 2715 680 2758 esse
699 2694 853 2758 iudicium
872 2693 1006 2758 Romae.
1041 2713 1140 2778 quare

75 2844 80 2853 ,
128 2780 227 2863 deme,
251 2780 279 2843 si
302 2780 366 2865 vis,
394 2780 472 2846 duas
496 2803 547 2845 res
572 2782 610 2846 de
634 2783 746 2866 mulis,
774 2781 990 2847 admissuram
1014 2785 1048 2846 et
1070 2793 1141 2867 par-

77 2871 245 2935 27turam.
295 2868 446 2954 Vaeoius,
475 2869 668 2935 Parturam?
705 2870 826 2956 inquit,
855 2870 991 2954 proinde
1014 2875 1052 2935 ut
1075 2891 1176 2937 nonu

219 3014 233 3060 1
253 3006 359 3078 laedat]
378 3008 461 3062 oedst
550 3015 566 3062 3
586 2999 601 3062 e
621 3009 713 3078 eapite
733 3012 762 3079 (a
781 3007 874 3078 eapite
896 3008 937 3078 V)
1006 3054 1008 3057 .
1024 3014 1040 3063 8
1060 3009 1141 3081 quot]

128 3078 205 3148 quod
264 3083 369 3146 quanto
431 3085 462 3133 11
482 3084 600 3149 possunt
618 3080 738 3150 (possint
759 3079 797 3149 V)
854 3086 886 3134 12
906 3080 982 3149 quod
995 3081 1142 3150 utriusque

130 3157 162 3203 12
182 3149 257 3218 quod
276 3150 375 3219 epulae
439 3156 472 3206 18
491 3151 585 3221 erunt]
605 3151 699 3205 ferunt
761 3151 935 3206 21retinere
991 3156 1025 3206 26
1044 3151 1098 3224 sio]
1119 3151 1143 3206 si

129 3226 163 3274 30
181 3224 326 3289 pasturam
339 3223 490 3290 posteriore
508 3223 564 3276 loeo
583 3237 686 3291 apogr,
704 3224 850 3291 pasturam
870 3223 931 3277 Pol.

192 3369 233 3433 ,1
254 3363 350 3416 laedat
373 3363 490 3418 Ursinus
562 3369 579 3418 8
599 3364 717 3431 quantos
741 3363 859 3418 Ursinus
937 3370 969 3418 12
989 3364 1060 3432 quot
1077 3361 1143 3418 reii-

129 3432 208 3486 oulae
226 3451 252 3487 rn
330 3439 363 3488 18
382 3437 497 3490 eruntn
575 3441 608 3498 21
628 3433 742 3490 retineri
760 3435 908 3490 Iuoundns
985 3441 1020 3490 26
1039 3434 1081 3490 sie
1099 3433 1142 3489 in-

128 3519 213 3570 quam
237 3504 354 3559 Ursinus
