2452 3938
115 156 157 237 'fug
516 149 704 206 VARRONIS

107 299 176 365 irini.
201 299 257 381 qui
279 319 376 385 apros
405 318 471 360 non
497 298 592 378 putat
615 316 688 359 sues
713 294 829 360 vocari.
874 294 974 359 boves
997 295 1119 378 perferi

108 389 207 463 cana
233 407 319 453 nunc
347 388 425 450 sunt
451 385 545 447 multi
574 385 609 447 in
637 381 823 447 Dardanica
853 387 886 446 et
914 383 1060 448 Maedica
1088 389 1121 448 et

108 475 261 556 thracia,
286 473 369 541 esini
392 473 451 537 feri
479 472 513 535 in
536 472 682 556 Phrygia
705 476 737 536 et
761 471 938 555 Lycaonia,
962 472 1036 555 equi
1059 473 1121 537 feri

109 566 144 635 iu
170 562 330 647 Hispania
353 561 500 626 citeriore
523 560 712 646 regionibus
736 561 870 644 aliquot.

109 741 181 829 quis
203 739 450 805 inlustrissimus
475 739 610 824 quisque
632 741 748 822 pastor
771 740 849 820 erat,
872 742 909 800 ut
927 738 1069 802 ostendit
1088 743 1121 803 et

108 850 226 913 graeca
255 832 288 892 et
317 827 421 892 latina
450 828 563 911 lingua
593 831 626 890 et
648 830 772 891 veteres
800 831 931 911 poetae,
958 827 1014 910 qui
1038 827 1120 892 alios

107 920 226 983 uocant
255 917 441 1000 polyarnas‚
472 917 554 980 alios
585 916 783 1000 polymelos‚
819 914 900 979 alios
931 915 1121 999 polybutas3

108 1006 163 1091 qui
191 1006 280 1088 ipsas
306 1005 445 1088 pecudes
473 1007 606 1088 propter
630 1005 800 1069 caritatem
823 1025 937 1067 aureas
965 1003 1120 1069 habuisse

106 1094 208 1179 pelles
221 1093 433 1176 tradiderunt,
452 1097 488 1157 ut
503 1091 611 1176 Argis,
631 1093 749 1157 Atreus
765 1106 862 1176 quam
878 1092 939 1156 sibi
954 1092 1121 1176 Thyesten
1135 1117 1157 1155 ιο

108 1182 251 1248 subduxe
275 1182 433 1268 queritur;
457 1186 493 1246 ut
515 1182 550 1245 in
570 1180 722 1246 Colchide
741 1183 785 1245 ad
803 1180 948 1264 Aeetam,
969 1181 1009 1244 ad
1029 1183 1119 1246 cuius

108 1270 218 1335 arietis
251 1271 369 1355 pellem
399 1270 535 1354 profecti
564 1271 654 1354 regio
686 1291 802 1355 genere
834 1268 984 1334 dicuntur
1016 1269 1119 1355 Argo·

106 1363 239 1442 nautae3
264 1362 301 1423 ut
323 1360 357 1422 in
377 1359 483 1444 Libya
507 1359 547 1423 ad
565 1357 773 1445 Hesperidas,
796 1358 881 1422 unde
906 1379 1003 1423 aurea
1024 1360 1121 1442 mala,

107 1447 140 1512 id
168 1451 217 1512 est
245 1449 421 1512 secundum
454 1449 620 1532 antiquam
650 1447 916 1512 consuetudinem
944 1469 1058 1531 capras
1089 1454 1121 1512 et

107 1558 193 1619 oves,
218 1539 326 1621 [quas]
350 1535 506 1601 Hercules
529 1558 568 1600 ex
589 1535 700 1600 Africa
723 1538 757 1598 in
780 1534 949 1599 Graeciam
972 1540 1120 1619 experta·
1133 1559 1155 1600 a

108 1626 163 1690 vit.
205 1647 258 1689 eas
289 1624 375 1689 enim
400 1646 421 1688 a
447 1647 505 1689 sua
534 1645 612 1690 voce
644 1623 759 1689 Graeci
790 1625 996 1707 appellarunt
1026 1627 1119 1690 mela

73 1723 165 1779 laec
192 1714 295 1778 multo
324 1735 416 1777 secus
443 1714 549 1777 nostri
577 1714 619 1777 ab
647 1714 759 1777 eadem
788 1734 879 1796 voce,
910 1712 966 1778 sed
990 1713 1031 1777 ab
1057 1715 1120 1779 alie

106 1802 216 1864 littera
245 1799 322 1887 (vox
350 1823 462 1865 earum
490 1811 645 1885 nonme,
676 1802 731 1866 sed
759 1802 799 1866 be
829 1821 945 1867 sonare
968 1801 1120 1887 videtur),

106 1911 183 1955 oves
218 1891 259 1955 be
289 1891 376 1954 clare
411 1912 522 1954 vocem
552 1890 721 1954 efferentes
751 1890 875 1974 dicunt,
907 1895 1011 1975 equo
1045 1896 1119 1975 post

105 1979 216 2042 balare
247 1980 365 2043 extrita
399 1979 521 2062 littera,
552 1983 589 2043 ut
619 1979 653 2042 in
682 1979 803 2043 multis.
856 1980 940 2062 quod
971 1980 1000 2043 si
1031 1980 1151 2063 spudeo

105 2068 257 2151 antiquos
285 2089 350 2132 non
374 2088 511 2151 magnae
535 2067 703 2151 dignitatis
732 2089 828 2151 pecus
854 2072 947 2146 esset,
969 2067 1004 2131 in
1028 2070 1118 2134 eaelo

106 2155 316 2221 describendo
340 2157 498 2240 astrologi
522 2179 589 2221 non
607 2157 830 2241 appellassent
848 2178 960 2221 eorum
978 2158 1119 2222 vocabu-

105 2244 146 2306 lis
170 2245 276 2329 signa,
299 2267 382 2328 quae
406 2267 474 2309 non
496 2247 592 2310 modo
615 2268 682 2310 non
702 2246 892 2309 dubitarunt
910 2267 1041 2328 ponere,
1063 2247 1118 2311 sed

106 2332 204 2396 etiam
219 2334 259 2398 ab
274 2334 314 2398 iis
328 2334 529 2418 principibus
544 2334 711 2399 duodecim
727 2336 821 2419 signa
830 2334 925 2398 multi
934 2338 1118 2418 numerant,

106 2421 148 2485 ab
175 2423 274 2487 ariete
303 2427 336 2486 et
361 2428 471 2506 tauro,
499 2445 572 2487 cunr
595 2445 634 2488 ea
657 2426 893 2507 praeponerent
917 2422 1063 2507 Apollini
1087 2429 1153 2488 eta

106 2508 248 2575 Herculi.
300 2511 325 2575 ii
353 2512 439 2575 enim
472 2511 522 2574 dei
555 2533 593 2575 ea
626 2515 791 2594 secuntur,
824 2512 879 2575 sed
912 2512 1119 2594 appellantur

72 2595 244 2664 8Gemini.
280 2621 339 2663 nec
358 2600 437 2663 satis
457 2602 614 2682 putarunt
628 2600 666 2664 de
681 2600 850 2665 duodecim
870 2600 973 2683 signis
991 2605 1119 2666 sextam

196 2777 209 2824 1
229 2774 311 2840 putat
330 2773 444 2841 (putant
467 2772 493 2826 V
507 2781 532 2830 et
554 2774 689 2828 nonnulla
707 2775 878 2845 apographa)
971 2780 987 2827 2
1007 2775 1118 2830 medica

105 2842 293 2915 3Lycaonia]
320 2843 440 2897 chaonia
511 2843 577 2898 4in
600 2842 745 2914 hispaniae
835 2846 975 2917 edicam]
996 2845 1118 2900 dixieam

105 2917 121 2966 8
139 2912 271 2982 polyrnas
291 2912 451 2983 (polyarnas
476 2915 514 2984 V)
623 2922 638 2969 9
659 2916 735 2985 quod
751 2916 827 2986 ipsas
941 2922 974 2969 10
994 2915 1118 2972 thiesten

106 2989 138 3036 11
159 2984 194 3037 ad
212 2983 347 3110 Aeetamp
364 2986 457 3039 aetam
513 2992 546 3040 13
566 2985 670 3058 Libya]
686 2986 759 3042 libro
815 2994 848 3041 16
868 2988 928 3058 eas]
948 3004 981 3041 ea
1035 3005 1117 3043 acm.

103 3069 204 3122 graece
278 3061 310 3110 19
349 3055 472 3128 calare]
492 3057 588 3112 balare
660 3057 807 3113 efferentes
826 3075 840 3112 e
861 3075 915 3126 quo
936 3061 1001 3128 post
1020 3059 1117 3114 halare

104 3125 201 3179 dieunt
221 3126 323 3180 extrita

193 3291 208 3338 3
228 3287 370 3353 Lycaonia
388 3288 501 3344 Plinius
518 3294 576 3343 cat.
594 3289 657 3344 hist.
682 3288 772 3342 VIII
788 3292 842 3343 175
896 3294 913 3342 4
931 3288 961 3342 in
979 3288 1117 3358 Hispania

100 3373 150 3410 mc
167 3361 194 3413 et
211 3361 270 3413 cod.
289 3357 370 3414 Flcr.
460 3359 544 3428 9qui
564 3360 641 3428 ipsas
655 3366 676 3413 ‘c
768 3365 800 3413 11
819 3359 850 3412 in
873 3357 1007 3415 Colchide
1027 3361 1116 3415 Aeeta

106 3425 245 3483 Victorius
335 3434 368 3483 13
387 3430 510 3500 Libyae
600 3435 633 3484 15
650 3446 721 3498 quas
739 3431 853 3487 inclusit
873 3430 1009 3487 Geaaerca
1083 3437 1115 3485 16

102 3512 150 3551 eas
168 3498 242 3552 enim
261 3515 279 3554 a
296 3517 346 3555 sua
363 3517 433 3555 uoce
456 3501 574 3556 Ursinus
645 3501 744 3556 Graeci
762 3518 777 3557 v
