<?xml version="1.0" encoding="UTF-8"?>
<!DOCTYPE html PUBLIC "-//W3C//DTD XHTML 1.0 Transitional//EN"
    "http://www.w3.org/TR/xhtml1/DTD/xhtml1-transitional.dtd">
<html xmlns="http://www.w3.org/1999/xhtml" xml:lang="en" lang="en">
 <head>
  <title>
</title>
<meta http-equiv="Content-Type" content="text/html;charset=utf-8" />
  <meta name='ocr-system' content='tesseract 3.04.00' />
  <meta name='ocr-capabilities' content='ocr_page ocr_carea ocr_par ocr_line ocrx_word'/>
</head>
<body>
  <div class='ocr_page' id='page_1' title='image "./mterentivarroni00keilgoog/mterentivarroni00keilgoog_0052.png"; bbox 0 0 2452 3938; ppageno 0'>
   <div class='ocr_carea' id='block_1_1' title="bbox 296 164 1113 231">
    <p class='ocr_par' dir='ltr' id='par_1_1' title="bbox 296 164 1113 231">
     <span class='ocr_line' id='line_1_1' title="bbox 296 164 1113 231; baseline 0.002 -11"><span class='ocrx_word' id='word_1_1' title='bbox 296 165 428 221; x_wconf 82' lang='lat' dir='ltr'><strong>RERVM</strong></span> <span class='ocrx_word' id='word_1_2' title='bbox 447 164 685 221; x_wconf 78' lang='lat' dir='ltr'>RvsrchRvM</span> <span class='ocrx_word' id='word_1_3' title='bbox 703 166 770 221; x_wconf 88' lang='lat' dir='ltr'>LIB.</span> <span class='ocrx_word' id='word_1_4' title='bbox 786 165 798 218; x_wconf 94' lang='lat' dir='ltr'>I</span> <span class='ocrx_word' id='word_1_5' title='bbox 815 171 919 221; x_wconf 79' lang='lat'>17-18</span> <span class='ocrx_word' id='word_1_6' title='bbox 1072 167 1113 231; x_wconf 78' lang='grc'>37</span> 
     </span>
    </p>
   </div>
   <div class='ocr_carea' id='block_1_2' title="bbox 54 311 1146 3228">
    <p class='ocr_par' dir='ltr' id='par_1_2' title="bbox 54 311 1146 3228">
     <span class='ocr_line' id='line_1_2' title="bbox 98 311 1114 397; baseline 0.001 -21"><span class='ocrx_word' id='word_1_7' title='bbox 98 335 127 376; x_wconf 88' lang='lat' dir='ltr'>sr</span> <span class='ocrx_word' id='word_1_8' title='bbox 150 311 259 376; x_wconf 90' lang='lat' dir='ltr'>minus</span> <span class='ocrx_word' id='word_1_9' title='bbox 285 329 373 377; x_wconf 75' lang='lat' dir='ltr'>ccxn</span> <span class='ocrx_word' id='word_1_10' title='bbox 396 312 510 397; x_wconf 87' lang='lat' dir='ltr'>iugera</span> <span class='ocrx_word' id='word_1_11' title='bbox 534 311 645 375; x_wconf 90' lang='lat' dir='ltr'>oliveti</span> <span class='ocrx_word' id='word_1_12' title='bbox 669 312 769 389; x_wconf 92' lang='lat' dir='ltr'>colas,</span> <span class='ocrx_word' id='word_1_13' title='bbox 790 332 858 376; x_wconf 89' lang='lat' dir='ltr'>non</span> <span class='ocrx_word' id='word_1_14' title='bbox 881 313 989 394; x_wconf 87' lang='lat' dir='ltr'>possis</span> <span class='ocrx_word' id='word_1_15' title='bbox 1008 313 1114 377; x_wconf 89' lang='lat' dir='ltr'>minus</span> 
     </span>
     <span class='ocr_line' id='line_1_3' title="bbox 97 399 1114 484; baseline 0 -20"><span class='ocrx_word' id='word_1_16' title='bbox 97 422 163 465; x_wconf 92' lang='lat' dir='ltr'>uno</span> <span class='ocrx_word' id='word_1_17' title='bbox 182 401 280 465; x_wconf 90' lang='lat' dir='ltr'>vilico</span> <span class='ocrx_word' id='word_1_18' title='bbox 301 399 431 483; x_wconf 87' lang='lat' dir='ltr'>habere,</span> <span class='ocrx_word' id='word_1_19' title='bbox 450 421 518 481; x_wconf 91' lang='lat' dir='ltr'>nec,</span> <span class='ocrx_word' id='word_1_20' title='bbox 538 401 565 463; x_wconf 90' lang='lat' dir='ltr'>si</span> <span class='ocrx_word' id='word_1_21' title='bbox 585 400 634 464; x_wconf 86' lang='lat' dir='ltr'>bis</span> <span class='ocrx_word' id='word_1_22' title='bbox 654 404 747 465; x_wconf 87' lang='lat' dir='ltr'>tanto</span> <span class='ocrx_word' id='word_1_23' title='bbox 768 400 959 484; x_wconf 86' lang='lat' dir='ltr'>ampliorem</span> <span class='ocrx_word' id='word_1_24' title='bbox 978 400 1114 465; x_wconf 88' lang='lat' dir='ltr'>fundum</span> 
     </span>
     <span class='ocr_line' id='line_1_4' title="bbox 97 488 1115 572; baseline -0.002 -17"><span class='ocrx_word' id='word_1_25' title='bbox 97 492 155 555; x_wconf 85' lang='lat' dir='ltr'>aut</span> <span class='ocrx_word' id='word_1_26' title='bbox 183 510 220 553; x_wconf 91' lang='lat' dir='ltr'>eo</span> <span class='ocrx_word' id='word_1_27' title='bbox 248 490 322 572; x_wconf 91' lang='lat' dir='ltr'>plus</span> <span class='ocrx_word' id='word_1_28' title='bbox 351 490 451 572; x_wconf 91' lang='lat' dir='ltr'>colas,</span> <span class='ocrx_word' id='word_1_29' title='bbox 479 488 551 552; x_wconf 89' lang='lat' dir='ltr'>ideo</span> <span class='ocrx_word' id='word_1_30' title='bbox 581 488 643 553; x_wconf 91' lang='lat' dir='ltr'>duo</span> <span class='ocrx_word' id='word_1_31' title='bbox 672 489 762 554; x_wconf 91' lang='lat' dir='ltr'>vilici</span> <span class='ocrx_word' id='word_1_32' title='bbox 791 495 848 553; x_wconf 89' lang='lat' dir='ltr'>aut</span> <span class='ocrx_word' id='word_1_33' title='bbox 875 493 941 552; x_wconf 92' lang='lat' dir='ltr'>tres</span> <span class='ocrx_word' id='word_1_34' title='bbox 964 490 1115 553; x_wconf 89' lang='lat' dir='ltr'>habendi.</span> 
     </span>
     <span class='ocr_line' id='line_1_5' title="bbox 96 577 1145 660; baseline 0.003 -20"><span class='ocrx_word' id='word_1_35' title='bbox 96 579 165 642; x_wconf 87' lang='lat' dir='ltr'>fere</span> <span class='ocrx_word' id='word_1_36' title='bbox 194 578 337 660; x_wconf 87' lang='lat' dir='ltr'>operarii</span> <span class='ocrx_word' id='word_1_37' title='bbox 367 579 463 641; x_wconf 93' lang='lat' dir='ltr'>modo</span> <span class='ocrx_word' id='word_1_38' title='bbox 493 582 526 641; x_wconf 90' lang='lat' dir='ltr'>et</span> <span class='ocrx_word' id='word_1_39' title='bbox 554 577 686 641; x_wconf 82' lang='lat' dir='ltr'>bubulci</span> <span class='ocrx_word' id='word_1_40' title='bbox 716 599 773 660; x_wconf 92' lang='lat' dir='ltr'>pro</span> <span class='ocrx_word' id='word_1_41' title='bbox 801 578 950 660; x_wconf 82' lang='lat' dir='ltr'>portione</span> <span class='ocrx_word' id='word_1_42' title='bbox 975 578 1145 643; x_wconf 86' lang='lat' dir='ltr'>addendi4</span> 
     </span>
     <span class='ocr_line' id='line_1_6' title="bbox 67 665 1115 750; baseline 0 -20"><span class='ocrx_word' id='word_1_43' title='bbox 67 665 153 747; x_wconf 78' lang='lat' dir='ltr'>c[ad</span> <span class='ocrx_word' id='word_1_44' title='bbox 176 666 326 747; x_wconf 89' lang='lat' dir='ltr'>minoris]</span> <span class='ocrx_word' id='word_1_45' title='bbox 351 665 392 729; x_wconf 86' lang='lat' dir='ltr'>ad</span> <span class='ocrx_word' id='word_1_46' title='bbox 414 665 555 730; x_wconf 87' lang='lat' dir='ltr'>maiores</span> <span class='ocrx_word' id='word_1_47' title='bbox 579 666 693 730; x_wconf 90' lang='lat' dir='ltr'>modos</span> <span class='ocrx_word' id='word_1_48' title='bbox 712 665 895 730; x_wconf 84' lang='lat' dir='ltr'>fundorum.</span> <span class='ocrx_word' id='word_1_49' title='bbox 932 667 955 730; x_wconf 88' lang='lat' dir='ltr'>ii</span> <span class='ocrx_word' id='word_1_50' title='bbox 979 688 1115 750; x_wconf 85' lang='lat' dir='ltr'>quoque,</span> 
     </span>
     <span class='ocr_line' id='line_1_7' title="bbox 95 753 1115 839; baseline -0.002 -19"><span class='ocrx_word' id='word_1_51' title='bbox 95 755 126 820; x_wconf 91' lang='lat' dir='ltr'>si</span> <span class='ocrx_word' id='word_1_52' title='bbox 157 754 274 819; x_wconf 90' lang='lat' dir='ltr'>similis</span> <span class='ocrx_word' id='word_1_53' title='bbox 306 758 356 818; x_wconf 91' lang='lat' dir='ltr'>est</span> <span class='ocrx_word' id='word_1_54' title='bbox 388 774 476 835; x_wconf 83' lang='lat' dir='ltr'>ager.</span> <span class='ocrx_word' id='word_1_55' title='bbox 523 755 573 818; x_wconf 91' lang='lat' dir='ltr'>sin</span> <span class='ocrx_word' id='word_1_56' title='bbox 603 763 652 818; x_wconf 88' lang='lat' dir='ltr'>est</span> <span class='ocrx_word' id='word_1_57' title='bbox 681 754 729 818; x_wconf 87' lang='lat' dir='ltr'>ita</span> <span class='ocrx_word' id='word_1_58' title='bbox 758 753 940 839; x_wconf 81' lang='lat' dir='ltr'>dissimilis,</span> <span class='ocrx_word' id='word_1_59' title='bbox 969 762 1006 819; x_wconf 90' lang='lat' dir='ltr'>ut</span> <span class='ocrx_word' id='word_1_60' title='bbox 1030 757 1115 818; x_wconf 84' lang='lat' dir='ltr'>arari</span> 
     </span>
     <span class='ocr_line' id='line_1_8' title="bbox 95 842 1115 927; baseline -0.002 -19"><span class='ocrx_word' id='word_1_61' title='bbox 95 856 165 908; x_wconf 85' lang='lat' dir='ltr'>non</span> <span class='ocrx_word' id='word_1_62' title='bbox 192 843 312 927; x_wconf 87' lang='lat' dir='ltr'>possit,</span> <span class='ocrx_word' id='word_1_63' title='bbox 340 844 425 926; x_wconf 88' lang='lat' dir='ltr'>quod</span> <span class='ocrx_word' id='word_1_64' title='bbox 454 842 499 906; x_wconf 90' lang='lat' dir='ltr'>sit</span> <span class='ocrx_word' id='word_1_65' title='bbox 522 842 735 927; x_wconf 87' lang='lat' dir='ltr'>confragosus</span> <span class='ocrx_word' id='word_1_66' title='bbox 760 847 855 926; x_wconf 89' lang='lat' dir='ltr'>atque</span> <span class='ocrx_word' id='word_1_67' title='bbox 880 843 988 909; x_wconf 80' lang='lat' dir='ltr'>arduis</span> <span class='ocrx_word' id='word_1_68' title='bbox 1012 844 1115 922; x_wconf 84' lang='lat' dir='ltr'>clivia,</span> 
     </span>
     <span class='ocr_line' id='line_1_9' title="bbox 96 931 1115 1015; baseline -0.002 -19"><span class='ocrx_word' id='word_1_69' title='bbox 96 932 207 996; x_wconf 88' lang='lat' dir='ltr'>minus</span> <span class='ocrx_word' id='word_1_70' title='bbox 231 931 328 995; x_wconf 91' lang='lat' dir='ltr'>multi</span> <span class='ocrx_word' id='word_1_71' title='bbox 352 953 433 1015; x_wconf 93' lang='lat' dir='ltr'>opus</span> <span class='ocrx_word' id='word_1_72' title='bbox 457 935 533 995; x_wconf 88' lang='lat' dir='ltr'>sunt</span> <span class='ocrx_word' id='word_1_73' title='bbox 556 933 656 996; x_wconf 91' lang='lat' dir='ltr'>boves</span> <span class='ocrx_word' id='word_1_74' title='bbox 681 936 714 995; x_wconf 87' lang='lat' dir='ltr'>et</span> <span class='ocrx_word' id='word_1_75' title='bbox 737 931 877 996; x_wconf 87' lang='lat' dir='ltr'>bubulci.</span> <span class='ocrx_word' id='word_1_76' title='bbox 916 931 1012 996; x_wconf 92' lang='lat' dir='ltr'>mitto</span> <span class='ocrx_word' id='word_1_77' title='bbox 1031 932 1115 1015; x_wconf 85' lang='lat' dir='ltr'>illut,</span> 
     </span>
     <span class='ocr_line' id='line_1_10' title="bbox 97 1020 1115 1104; baseline -0.001 -19"><span class='ocrx_word' id='word_1_78' title='bbox 97 1021 186 1104; x_wconf 91' lang='lat' dir='ltr'>quod</span> <span class='ocrx_word' id='word_1_79' title='bbox 205 1021 337 1084; x_wconf 90' lang='lat' dir='ltr'>modum</span> <span class='ocrx_word' id='word_1_80' title='bbox 355 1041 461 1103; x_wconf 87' lang='lat' dir='ltr'>neque</span> <span class='ocrx_word' id='word_1_81' title='bbox 476 1041 575 1083; x_wconf 91' lang='lat' dir='ltr'>unum</span> <span class='ocrx_word' id='word_1_82' title='bbox 591 1041 650 1084; x_wconf 88' lang='lat' dir='ltr'>neo</span> <span class='ocrx_word' id='word_1_83' title='bbox 664 1020 824 1084; x_wconf 87' lang='lat' dir='ltr'>modicum</span> <span class='ocrx_word' id='word_1_84' title='bbox 840 1021 1012 1103; x_wconf 80' lang='lat' dir='ltr'>proposuit</span> <span class='ocrx_word' id='word_1_85' title='bbox 1027 1037 1115 1086; x_wconf 79' lang='lat' dir='ltr'>corn</span> 
     </span>
     <span class='ocr_line' id='line_1_11' title="bbox 54 1105 1144 1195; baseline 0.005 -23"><span class='ocrx_word' id='word_1_86' title='bbox 54 1133 82 1172; x_wconf 78' lang='grc' dir='ltr'>ιο</span> <span class='ocrx_word' id='word_1_87' title='bbox 97 1111 248 1193; x_wconf 87' lang='lat' dir='ltr'>iugerum</span> <span class='ocrx_word' id='word_1_88' title='bbox 278 1105 439 1194; x_wconf 87' lang='lat' dir='ltr'>(modicus</span> <span class='ocrx_word' id='word_1_89' title='bbox 470 1109 555 1172; x_wconf 88' lang='lat' dir='ltr'>enim</span> <span class='ocrx_word' id='word_1_90' title='bbox 579 1110 737 1192; x_wconf 82' lang='lat' dir='ltr'>centuria,</span> <span class='ocrx_word' id='word_1_91' title='bbox 761 1114 794 1173; x_wconf 87' lang='lat' dir='ltr'>et</span> <span class='ocrx_word' id='word_1_92' title='bbox 818 1131 855 1172; x_wconf 88' lang='lat' dir='ltr'>ea</span> <span class='ocrx_word' id='word_1_93' title='bbox 879 1126 919 1174; x_wconf 84' lang='lat' dir='ltr'>cc</span> <span class='ocrx_word' id='word_1_94' title='bbox 942 1105 1144 1195; x_wconf 85' lang='lat' dir='ltr'>iugerum)‚5</span> 
     </span>
     <span class='ocr_line' id='line_1_12' title="bbox 98 1197 1114 1282; baseline 0.001 -21"><span class='ocrx_word' id='word_1_95' title='bbox 98 1220 117 1261; x_wconf 89' lang='lat' dir='ltr'>e</span> <span class='ocrx_word' id='word_1_96' title='bbox 140 1218 205 1282; x_wconf 91' lang='lat' dir='ltr'>qno</span> <span class='ocrx_word' id='word_1_97' title='bbox 230 1219 327 1282; x_wconf 90' lang='lat' dir='ltr'>quom</span> <span class='ocrx_word' id='word_1_98' title='bbox 352 1201 445 1261; x_wconf 83' lang='lat' dir='ltr'>sexta</span> <span class='ocrx_word' id='word_1_99' title='bbox 467 1219 544 1280; x_wconf 88' lang='lat' dir='ltr'>pars</span> <span class='ocrx_word' id='word_1_100' title='bbox 569 1197 635 1261; x_wconf 92' lang='lat' dir='ltr'>sint</span> <span class='ocrx_word' id='word_1_101' title='bbox 658 1219 696 1261; x_wconf 86' lang='lat' dir='ltr'>ea</span> <span class='ocrx_word' id='word_1_102' title='bbox 714 1215 769 1279; x_wconf 80' lang='lat' dir='ltr'>xn,</span> <span class='ocrx_word' id='word_1_103' title='bbox 793 1219 875 1281; x_wconf 84' lang='lat' dir='ltr'>quoe</span> <span class='ocrx_word' id='word_1_104' title='bbox 895 1199 932 1261; x_wconf 91' lang='lat' dir='ltr'>de</span> <span class='ocrx_word' id='word_1_105' title='bbox 952 1215 1041 1263; x_wconf 82' lang='lat' dir='ltr'>ccxn</span> <span class='ocrx_word' id='word_1_106' title='bbox 1063 1198 1114 1262; x_wconf 92' lang='lat' dir='ltr'>de·</span> 
     </span>
     <span class='ocr_line' id='line_1_13' title="bbox 98 1286 1115 1370; baseline 0.001 -20"><span class='ocrx_word' id='word_1_107' title='bbox 98 1288 242 1370; x_wconf 86' lang='lat' dir='ltr'>montur,</span> <span class='ocrx_word' id='word_1_108' title='bbox 265 1308 333 1350; x_wconf 91' lang='lat' dir='ltr'>non</span> <span class='ocrx_word' id='word_1_109' title='bbox 356 1286 450 1350; x_wconf 88' lang='lat' dir='ltr'>video</span> <span class='ocrx_word' id='word_1_110' title='bbox 470 1306 565 1368; x_wconf 87' lang='lat' dir='ltr'>quem</span> <span class='ocrx_word' id='word_1_111' title='bbox 585 1286 777 1349; x_wconf 89' lang='lat' dir='ltr'>admodum</span> <span class='ocrx_word' id='word_1_112' title='bbox 797 1308 835 1350; x_wconf 87' lang='lat' dir='ltr'>ex</span> <span class='ocrx_word' id='word_1_113' title='bbox 854 1287 923 1350; x_wconf 90' lang='lat' dir='ltr'>eius</span> <span class='ocrx_word' id='word_1_114' title='bbox 941 1291 1115 1370; x_wconf 88' lang='lat' dir='ltr'>praecepto</span> 
     </span>
     <span class='ocr_line' id='line_1_14' title="bbox 99 1372 1115 1457; baseline 0.002 -19"><span class='ocrx_word' id='word_1_115' title='bbox 99 1376 228 1439; x_wconf 83' lang='lat' dir='ltr'>demam</span> <span class='ocrx_word' id='word_1_116' title='bbox 259 1378 385 1438; x_wconf 83' lang='lat' dir='ltr'>sextam</span> <span class='ocrx_word' id='word_1_117' title='bbox 414 1379 542 1457; x_wconf 89' lang='lat' dir='ltr'>partem</span> <span class='ocrx_word' id='word_1_118' title='bbox 573 1377 606 1436; x_wconf 89' lang='lat' dir='ltr'>et</span> <span class='ocrx_word' id='word_1_119' title='bbox 636 1372 674 1437; x_wconf 90' lang='lat' dir='ltr'>de</span> <span class='ocrx_word' id='word_1_120' title='bbox 704 1392 769 1437; x_wconf 83' lang='lat' dir='ltr'>xrrr</span> <span class='ocrx_word' id='word_1_121' title='bbox 799 1375 983 1457; x_wconf 85' lang='lat' dir='ltr'>mancipiis,</span> <span class='ocrx_word' id='word_1_122' title='bbox 1012 1377 1115 1440; x_wconf 88' lang='lat' dir='ltr'>nihilo</span> 
     </span>
     <span class='ocr_line' id='line_1_15' title="bbox 98 1462 1115 1548; baseline -0.002 -21"><span class='ocrx_word' id='word_1_123' title='bbox 98 1463 215 1548; x_wconf 83' lang='lat' dir='ltr'>magis,</span> <span class='ocrx_word' id='word_1_124' title='bbox 234 1463 263 1526; x_wconf 94' lang='lat' dir='ltr'>si</span> <span class='ocrx_word' id='word_1_125' title='bbox 276 1463 408 1527; x_wconf 87' lang='lat' dir='ltr'>vilicum</span> <span class='ocrx_word' id='word_1_126' title='bbox 428 1466 461 1526; x_wconf 88' lang='lat' dir='ltr'>et</span> <span class='ocrx_word' id='word_1_127' title='bbox 475 1462 604 1525; x_wconf 88' lang='lat' dir='ltr'>vilicam</span> <span class='ocrx_word' id='word_1_128' title='bbox 618 1483 796 1545; x_wconf 77' lang='lat' dir='ltr'>removero,</span> <span class='ocrx_word' id='word_1_129' title='bbox 816 1483 915 1544; x_wconf 48' lang='lat' dir='ltr'>quem,</span> <span class='ocrx_word' id='word_1_130' title='bbox 926 1464 966 1526; x_wconf 89' lang='lat' dir='ltr'>ad</span> <span class='ocrx_word' id='word_1_131' title='bbox 984 1464 1115 1527; x_wconf 90' lang='lat' dir='ltr'>modum</span> 
     </span>
     <span class='ocr_line' id='line_1_16' title="bbox 57 1550 1115 1635; baseline 0.003 -23"><span class='ocrx_word' id='word_1_132' title='bbox 57 1572 84 1612; x_wconf 84' lang='lat'>15</span> <span class='ocrx_word' id='word_1_133' title='bbox 99 1573 139 1615; x_wconf 84' lang='lat' dir='ltr'>ex</span> <span class='ocrx_word' id='word_1_134' title='bbox 162 1569 201 1616; x_wconf 81' lang='lat' dir='ltr'>x1</span> <span class='ocrx_word' id='word_1_135' title='bbox 224 1554 348 1615; x_wconf 85' lang='lat' dir='ltr'>sextam</span> <span class='ocrx_word' id='word_1_136' title='bbox 377 1556 504 1635; x_wconf 89' lang='lat' dir='ltr'>partem</span> <span class='ocrx_word' id='word_1_137' title='bbox 533 1550 668 1614; x_wconf 86' lang='lat' dir='ltr'>demam.</span> <span class='ocrx_word' id='word_1_138' title='bbox 722 1551 806 1632; x_wconf 91' lang='lat' dir='ltr'>quod</span> <span class='ocrx_word' id='word_1_139' title='bbox 835 1556 942 1613; x_wconf 90' lang='lat' dir='ltr'>autem</span> <span class='ocrx_word' id='word_1_140' title='bbox 972 1552 1019 1614; x_wconf 85' lang='lat' dir='ltr'>ait</span> <span class='ocrx_word' id='word_1_141' title='bbox 1040 1552 1115 1615; x_wconf 84' lang='lat' dir='ltr'>inc</span> 
     </span>
     <span class='ocr_line' id='line_1_17' title="bbox 98 1638 1115 1724; baseline 0 -21"><span class='ocrx_word' id='word_1_142' title='bbox 98 1640 264 1724; x_wconf 86' lang='lat' dir='ltr'>iugeribus</span> <span class='ocrx_word' id='word_1_143' title='bbox 299 1639 466 1704; x_wconf 89' lang='lat' dir='ltr'>vinearum</span> <span class='ocrx_word' id='word_1_144' title='bbox 501 1661 582 1722; x_wconf 87' lang='lat' dir='ltr'>opus</span> <span class='ocrx_word' id='word_1_145' title='bbox 617 1660 687 1702; x_wconf 85' lang='lat' dir='ltr'>esse</span> <span class='ocrx_word' id='word_1_146' title='bbox 719 1657 768 1702; x_wconf 85' lang='lat' dir='ltr'>xv</span> <span class='ocrx_word' id='word_1_147' title='bbox 801 1638 977 1721; x_wconf 85' lang='lat' dir='ltr'>mancipia,</span> <span class='ocrx_word' id='word_1_148' title='bbox 1015 1640 1115 1723; x_wconf 85' lang='lat' dir='ltr'>siquis</span> 
     </span>
     <span class='ocr_line' id='line_1_18' title="bbox 98 1727 1145 1812; baseline 0 -20"><span class='ocrx_word' id='word_1_149' title='bbox 98 1729 234 1792; x_wconf 84' lang='lat' dir='ltr'>habebit</span> <span class='ocrx_word' id='word_1_150' title='bbox 251 1727 438 1812; x_wconf 75' lang='lat' dir='ltr'>centuriam,</span> <span class='ocrx_word' id='word_1_151' title='bbox 457 1749 538 1811; x_wconf 86' lang='lat' dir='ltr'>quac</span> <span class='ocrx_word' id='word_1_152' title='bbox 558 1728 724 1792; x_wconf 90' lang='lat' dir='ltr'>dimidium</span> <span class='ocrx_word' id='word_1_153' title='bbox 742 1727 853 1811; x_wconf 88' lang='lat' dir='ltr'>vineti,</span> <span class='ocrx_word' id='word_1_154' title='bbox 872 1727 1039 1791; x_wconf 89' lang='lat' dir='ltr'>dimidium</span> <span class='ocrx_word' id='word_1_155' title='bbox 1059 1727 1116 1792; x_wconf 88' lang='lat' dir='ltr'>oli·</span> <span class='ocrx_word' id='word_1_156' title='bbox 1142 1753 1145 1758; x_wconf 57' lang='lat'><strong>⁴</strong></span> 
     </span>
     <span class='ocr_line' id='line_1_19' title="bbox 99 1816 1116 1901; baseline -0.001 -20"><span class='ocrx_word' id='word_1_157' title='bbox 99 1818 180 1901; x_wconf 83' lang='lat' dir='ltr'>veti,</span> <span class='ocrx_word' id='word_1_158' title='bbox 210 1819 362 1900; x_wconf 88' lang='lat' dir='ltr'>sequetur</span> <span class='ocrx_word' id='word_1_159' title='bbox 389 1820 426 1879; x_wconf 87' lang='lat' dir='ltr'>ut</span> <span class='ocrx_word' id='word_1_160' title='bbox 454 1817 517 1881; x_wconf 90' lang='lat' dir='ltr'>duo</span> <span class='ocrx_word' id='word_1_161' title='bbox 545 1816 658 1882; x_wconf 82' lang='lat' dir='ltr'>vilicos</span> <span class='ocrx_word' id='word_1_162' title='bbox 687 1821 720 1880; x_wconf 83' lang='lat' dir='ltr'>et</span> <span class='ocrx_word' id='word_1_163' title='bbox 747 1818 826 1881; x_wconf 88' lang='lat' dir='ltr'>duas</span> <span class='ocrx_word' id='word_1_164' title='bbox 850 1817 963 1881; x_wconf 88' lang='lat' dir='ltr'>vilicas</span> <span class='ocrx_word' id='word_1_165' title='bbox 987 1817 1116 1900; x_wconf 86' lang='lat' dir='ltr'>habeat,</span> 
     </span>
     <span class='ocr_line' id='line_1_20' title="bbox 100 1905 1115 1989; baseline -0.002 -19"><span class='ocrx_word' id='word_1_166' title='bbox 100 1906 188 1989; x_wconf 89' lang='lat' dir='ltr'>quod</span> <span class='ocrx_word' id='word_1_167' title='bbox 212 1912 261 1969; x_wconf 87' lang='lat' dir='ltr'>est</span> <span class='ocrx_word' id='word_1_168' title='bbox 284 1905 504 1969; x_wconf 88' lang='lat' dir='ltr'>deridiculum.</span> <span class='ocrx_word' id='word_1_169' title='bbox 541 1927 640 1988; x_wconf 90' lang='lat' dir='ltr'>quare</span> <span class='ocrx_word' id='word_1_170' title='bbox 660 1906 725 1969; x_wconf 84' lang='lat' dir='ltr'>alio</span> <span class='ocrx_word' id='word_1_171' title='bbox 743 1905 871 1969; x_wconf 90' lang='lat' dir='ltr'>ratione</span> <span class='ocrx_word' id='word_1_172' title='bbox 892 1906 1007 1969; x_wconf 89' lang='lat' dir='ltr'>modus</span> <span class='ocrx_word' id='word_1_173' title='bbox 1026 1927 1115 1969; x_wconf 90' lang='lat' dir='ltr'>man·</span> 
     </span>
     <span class='ocr_line' id='line_1_21' title="bbox 57 1993 1145 2078; baseline 0.006 -24"><span class='ocrx_word' id='word_1_174' title='bbox 57 2015 84 2056; x_wconf 76' lang='lat'>20</span> <span class='ocrx_word' id='word_1_175' title='bbox 101 1994 260 2078; x_wconf 91' lang='lat' dir='ltr'>cipiorum</span> <span class='ocrx_word' id='word_1_176' title='bbox 283 1993 463 2078; x_wconf 79' lang='lat' dir='ltr'>generatim</span> <span class='ocrx_word' id='word_1_177' title='bbox 486 1997 536 2057; x_wconf 90' lang='lat' dir='ltr'>est</span> <span class='ocrx_word' id='word_1_178' title='bbox 559 1993 860 2058; x_wconf 88' lang='lat' dir='ltr'>animadvertendus</span> <span class='ocrx_word' id='word_1_179' title='bbox 890 2000 922 2056; x_wconf 92' lang='lat' dir='ltr'>et</span> <span class='ocrx_word' id='word_1_180' title='bbox 952 1994 1057 2077; x_wconf 87' lang='lat' dir='ltr'>magis</span> <span class='ocrx_word' id='word_1_181' title='bbox 1080 1993 1145 2060; x_wconf 74' lang='lat' dir='ltr'>int</span> 
     </span>
     <span class='ocr_line' id='line_1_22' title="bbox 94 2081 1115 2167; baseline -0.002 -20"><span class='ocrx_word' id='word_1_182' title='bbox 94 2083 164 2147; x_wconf 80' lang='lat' dir='ltr'>&#39;hoc</span> <span class='ocrx_word' id='word_1_183' title='bbox 192 2081 332 2146; x_wconf 80' lang='lat' dir='ltr'>Saserna</span> <span class='ocrx_word' id='word_1_184' title='bbox 360 2082 561 2166; x_wconf 85' lang='lat' dir='ltr'>probandus,</span> <span class='ocrx_word' id='word_1_185' title='bbox 589 2083 645 2165; x_wconf 91' lang='lat' dir='ltr'>qui</span> <span class='ocrx_word' id='word_1_186' title='bbox 673 2084 720 2146; x_wconf 87' lang='lat' dir='ltr'>ait</span> <span class='ocrx_word' id='word_1_187' title='bbox 750 2081 880 2165; x_wconf 88' lang='lat' dir='ltr'>singula</span> <span class='ocrx_word' id='word_1_188' title='bbox 903 2082 1015 2167; x_wconf 92' lang='lat' dir='ltr'>iugera</span> <span class='ocrx_word' id='word_1_189' title='bbox 1039 2104 1115 2166; x_wconf 91' lang='lat' dir='ltr'>qua·</span> 
     </span>
     <span class='ocr_line' id='line_1_23' title="bbox 101 2169 1116 2253; baseline 0 -19"><span class='ocrx_word' id='word_1_190' title='bbox 101 2171 204 2235; x_wconf 90' lang='lat' dir='ltr'>ternis</span> <span class='ocrx_word' id='word_1_191' title='bbox 228 2171 333 2253; x_wconf 90' lang='lat' dir='ltr'>operis</span> <span class='ocrx_word' id='word_1_192' title='bbox 357 2192 421 2235; x_wconf 89' lang='lat' dir='ltr'>uno</span> <span class='ocrx_word' id='word_1_193' title='bbox 446 2170 594 2252; x_wconf 90' lang='lat' dir='ltr'>operario</span> <span class='ocrx_word' id='word_1_194' title='bbox 618 2171 658 2233; x_wconf 92' lang='lat' dir='ltr'>ad</span> <span class='ocrx_word' id='word_1_195' title='bbox 682 2169 916 2235; x_wconf 86' lang='lat' dir='ltr'>conficiendum</span> <span class='ocrx_word' id='word_1_196' title='bbox 938 2172 1017 2235; x_wconf 89' lang='lat' dir='ltr'>satis</span> <span class='ocrx_word' id='word_1_197' title='bbox 1038 2192 1116 2235; x_wconf 88' lang='lat' dir='ltr'>esse.</span> 
     </span>
     <span class='ocr_line' id='line_1_24' title="bbox 102 2257 1117 2342; baseline -0.002 -19"><span class='ocrx_word' id='word_1_198' title='bbox 102 2259 159 2323; x_wconf 87' lang='lat' dir='ltr'>sed</span> <span class='ocrx_word' id='word_1_199' title='bbox 184 2260 212 2322; x_wconf 91' lang='lat' dir='ltr'>si</span> <span class='ocrx_word' id='word_1_200' title='bbox 235 2259 352 2341; x_wconf 84' lang='lat' dir='ltr'>hocin</span> <span class='ocrx_word' id='word_1_201' title='bbox 372 2257 530 2323; x_wconf 82' lang='lat' dir='ltr'>Sasernae</span> <span class='ocrx_word' id='word_1_202' title='bbox 552 2257 653 2321; x_wconf 87' lang='lat' dir='ltr'>fundo</span> <span class='ocrx_word' id='word_1_203' title='bbox 677 2260 712 2321; x_wconf 91' lang='lat' dir='ltr'>in</span> <span class='ocrx_word' id='word_1_204' title='bbox 732 2258 838 2322; x_wconf 81' lang='lat' dir='ltr'>Gallio</span> <span class='ocrx_word' id='word_1_205' title='bbox 857 2259 939 2321; x_wconf 87' lang='lat' dir='ltr'>satis</span> <span class='ocrx_word' id='word_1_206' title='bbox 958 2259 1030 2342; x_wconf 87' lang='lat' dir='ltr'>fuit,</span> <span class='ocrx_word' id='word_1_207' title='bbox 1049 2280 1117 2322; x_wconf 90' lang='lat' dir='ltr'>non</span> 
     </span>
     <span class='ocr_line' id='line_1_25' title="bbox 102 2345 1117 2430; baseline -0.004 -17"><span class='ocrx_word' id='word_1_208' title='bbox 102 2348 256 2413; x_wconf 90' lang='lat' dir='ltr'>continuo</span> <span class='ocrx_word' id='word_1_209' title='bbox 285 2346 369 2411; x_wconf 87' lang='lat' dir='ltr'>idem</span> <span class='ocrx_word' id='word_1_210' title='bbox 389 2348 433 2410; x_wconf 54' lang='lat' dir='ltr'>¹in</span> <span class='ocrx_word' id='word_1_211' title='bbox 463 2367 541 2430; x_wconf 83' lang='lat' dir='ltr'>agro</span> <span class='ocrx_word' id='word_1_212' title='bbox 565 2345 704 2429; x_wconf 86' lang='lat' dir='ltr'>Ligusco</span> <span class='ocrx_word' id='word_1_213' title='bbox 732 2350 897 2410; x_wconf 88' lang='lat' dir='ltr'>montano.</span> <span class='ocrx_word' id='word_1_214' title='bbox 943 2346 1054 2429; x_wconf 89' lang='lat' dir='ltr'>itaque</span> <span class='ocrx_word' id='word_1_215' title='bbox 1078 2347 1117 2410; x_wconf 91' lang='lat' dir='ltr'>de</span> 
     </span>
     <span class='ocr_line' id='line_1_26' title="bbox 57 2434 1117 2520; baseline 0.001 -23"><span class='ocrx_word' id='word_1_216' title='bbox 57 2455 87 2497; x_wconf 79' lang='lat'>25</span> <span class='ocrx_word' id='word_1_217' title='bbox 100 2435 245 2500; x_wconf 85' lang='lat' dir='ltr'>familiae</span> <span class='ocrx_word' id='word_1_218' title='bbox 273 2435 507 2520; x_wconf 73' lang='lat' dir='ltr'>magnitudinev</span> <span class='ocrx_word' id='word_1_219' title='bbox 526 2437 559 2498; x_wconf 87' lang='lat' dir='ltr'>et</span> <span class='ocrx_word' id='word_1_220' title='bbox 586 2434 710 2518; x_wconf 89' lang='lat' dir='ltr'>reliquo</span> <span class='ocrx_word' id='word_1_221' title='bbox 738 2435 954 2498; x_wconf 89' lang='lat' dir='ltr'>instrumento</span> <span class='ocrx_word' id='word_1_222' title='bbox 979 2456 1117 2498; x_wconf 89' lang='lat' dir='ltr'>commo-</span> 
     </span>
     <span class='ocr_line' id='line_1_27' title="bbox 102 2522 1146 2608; baseline 0.001 -19"><span class='ocrx_word' id='word_1_223' title='bbox 102 2525 233 2589; x_wconf 88' lang='lat' dir='ltr'>dissime</span> <span class='ocrx_word' id='word_1_224' title='bbox 263 2525 345 2589; x_wconf 87' lang='lat' dir='ltr'>scies</span> <span class='ocrx_word' id='word_1_225' title='bbox 374 2528 530 2608; x_wconf 84' lang='lat' dir='ltr'>quantam</span> <span class='ocrx_word' id='word_1_226' title='bbox 561 2544 668 2606; x_wconf 87' lang='lat' dir='ltr'>pares,</span> <span class='ocrx_word' id='word_1_227' title='bbox 702 2523 730 2587; x_wconf 92' lang='lat' dir='ltr'>si</span> <span class='ocrx_word' id='word_1_228' title='bbox 756 2522 821 2586; x_wconf 89' lang='lat' dir='ltr'>tria</span> <span class='ocrx_word' id='word_1_229' title='bbox 848 2522 1146 2605; x_wconf 82' lang='lat' dir='ltr'>animadverteris7</span> 
     </span>
     <span class='ocr_line' id='line_1_28' title="bbox 101 2611 1118 2696; baseline -0.002 -20"><span class='ocrx_word' id='word_1_230' title='bbox 101 2613 289 2696; x_wconf 87' lang='lat' dir='ltr'>diligenter:</span> <span class='ocrx_word' id='word_1_231' title='bbox 321 2614 356 2676; x_wconf 93' lang='lat' dir='ltr'>in</span> <span class='ocrx_word' id='word_1_232' title='bbox 386 2612 556 2678; x_wconf 79' lang='lat' dir='ltr'>vicinitate</span> <span class='ocrx_word' id='word_1_233' title='bbox 586 2611 720 2695; x_wconf 86' lang='lat' dir='ltr'>praedia</span> <span class='ocrx_word' id='word_1_234' title='bbox 750 2612 840 2676; x_wconf 88' lang='lat' dir='ltr'>cuius</span> <span class='ocrx_word' id='word_1_235' title='bbox 870 2611 959 2675; x_wconf 90' lang='lat' dir='ltr'>modi</span> <span class='ocrx_word' id='word_1_236' title='bbox 988 2612 1055 2675; x_wconf 89' lang='lat' dir='ltr'>sint</span> <span class='ocrx_word' id='word_1_237' title='bbox 1085 2615 1118 2675; x_wconf 87' lang='lat' dir='ltr'>et</span> 
     </span>
     <span class='ocr_line' id='line_1_29' title="bbox 102 2700 1118 2787; baseline -0.001 -23"><span class='ocrx_word' id='word_1_238' title='bbox 102 2706 234 2785; x_wconf 88' lang='lat' dir='ltr'>quanta,</span> <span class='ocrx_word' id='word_1_239' title='bbox 259 2705 292 2765; x_wconf 89' lang='lat' dir='ltr'>et</span> <span class='ocrx_word' id='word_1_240' title='bbox 314 2704 394 2785; x_wconf 89' lang='lat' dir='ltr'>quot</span> <span class='ocrx_word' id='word_1_241' title='bbox 418 2722 562 2785; x_wconf 88' lang='lat' dir='ltr'>quaeque</span> <span class='ocrx_word' id='word_1_242' title='bbox 585 2700 771 2765; x_wconf 88' lang='lat' dir='ltr'>hominibus</span> <span class='ocrx_word' id='word_1_243' title='bbox 795 2701 957 2782; x_wconf 84' lang='lat' dir='ltr'>colantur,</span> <span class='ocrx_word' id='word_1_244' title='bbox 985 2703 1017 2764; x_wconf 92' lang='lat' dir='ltr'>et</span> <span class='ocrx_word' id='word_1_245' title='bbox 1039 2703 1118 2787; x_wconf 84' lang='lat' dir='ltr'>quot</span> 
     </span>
     <span class='ocr_line' id='line_1_30' title="bbox 103 2788 1116 2873; baseline 0 -20"><span class='ocrx_word' id='word_1_246' title='bbox 103 2789 223 2854; x_wconf 89' lang='lat' dir='ltr'>additis</span> <span class='ocrx_word' id='word_1_247' title='bbox 248 2791 354 2873; x_wconf 91' lang='lat' dir='ltr'>operis</span> <span class='ocrx_word' id='word_1_248' title='bbox 378 2794 435 2853; x_wconf 87' lang='lat' dir='ltr'>aut</span> <span class='ocrx_word' id='word_1_249' title='bbox 458 2789 597 2872; x_wconf 89' lang='lat' dir='ltr'>demptis</span> <span class='ocrx_word' id='word_1_250' title='bbox 622 2791 737 2854; x_wconf 83' lang='lat' dir='ltr'>melius</span> <span class='ocrx_word' id='word_1_251' title='bbox 757 2793 814 2854; x_wconf 88' lang='lat' dir='ltr'>aut</span> <span class='ocrx_word' id='word_1_252' title='bbox 832 2788 973 2854; x_wconf 88' lang='lat' dir='ltr'>deterius</span> <span class='ocrx_word' id='word_1_253' title='bbox 993 2789 1116 2853; x_wconf 83' lang='lat' dir='ltr'>habeas</span> 
     </span>
     <span class='ocr_line' id='line_1_31' title="bbox 58 2877 1117 2961; baseline 0 -21"><span class='ocrx_word' id='word_1_254' title='bbox 58 2878 237 2943; x_wconf 76' lang='lat' dir='ltr'>occultum.</span> <span class='ocrx_word' id='word_1_255' title='bbox 274 2878 397 2942; x_wconf 86' lang='lat' dir='ltr'>bivium</span> <span class='ocrx_word' id='word_1_256' title='bbox 421 2878 516 2943; x_wconf 85' lang='lat' dir='ltr'>nobis</span> <span class='ocrx_word' id='word_1_257' title='bbox 537 2877 622 2941; x_wconf 91' lang='lat' dir='ltr'>enim</span> <span class='ocrx_word' id='word_1_258' title='bbox 643 2878 683 2942; x_wconf 93' lang='lat' dir='ltr'>ad</span> <span class='ocrx_word' id='word_1_259' title='bbox 702 2878 862 2943; x_wconf 86' lang='lat' dir='ltr'>culturam</span> <span class='ocrx_word' id='word_1_260' title='bbox 882 2878 972 2942; x_wconf 88' lang='lat' dir='ltr'>dedit</span> <span class='ocrx_word' id='word_1_261' title='bbox 991 2882 1117 2961; x_wconf 87' lang='lat' dir='ltr'>natura,</span> 
     </span>
     <span class='ocr_line' id='line_1_32' title="bbox 103 2966 1117 3050; baseline -0.001 -20"><span class='ocrx_word' id='word_1_262' title='bbox 103 2967 335 3049; x_wconf 87' lang='lat' dir='ltr'>experientiam</span> <span class='ocrx_word' id='word_1_263' title='bbox 365 2969 398 3029; x_wconf 85' lang='lat' dir='ltr'>et</span> <span class='ocrx_word' id='word_1_264' title='bbox 427 2966 655 3031; x_wconf 87' lang='lat' dir='ltr'>imitationem.</span> <span class='ocrx_word' id='word_1_265' title='bbox 707 2966 925 3050; x_wconf 87' lang='lat' dir='ltr'>antiquissimi</span> <span class='ocrx_word' id='word_1_266' title='bbox 953 2966 1117 3049; x_wconf 86' lang='lat' dir='ltr'>agricolae</span> 
     </span>
     <span class='ocr_line' id='line_1_33' title="bbox 101 3055 1116 3138; baseline -0.003 -19"><span class='ocrx_word' id='word_1_267' title='bbox 101 3055 294 3138; x_wconf 86' lang='lat' dir='ltr'>temptando</span> <span class='ocrx_word' id='word_1_268' title='bbox 308 3055 462 3138; x_wconf 84' lang='lat' dir='ltr'>pleraque</span> <span class='ocrx_word' id='word_1_269' title='bbox 474 3055 721 3136; x_wconf 87' lang='lat' dir='ltr'>constituerunt,</span> <span class='ocrx_word' id='word_1_270' title='bbox 736 3055 830 3119; x_wconf 89' lang='lat' dir='ltr'>liberi</span> <span class='ocrx_word' id='word_1_271' title='bbox 841 3076 950 3119; x_wconf 90' lang='lat' dir='ltr'>eorum</span> <span class='ocrx_word' id='word_1_272' title='bbox 962 3075 1116 3138; x_wconf 88' lang='lat' dir='ltr'>magnam</span> 
     </span>
     <span class='ocr_line' id='line_1_34' title="bbox 103 3142 1146 3228; baseline 0 -20"><span class='ocrx_word' id='word_1_273' title='bbox 103 3150 231 3228; x_wconf 87' lang='lat' dir='ltr'>partem</span> <span class='ocrx_word' id='word_1_274' title='bbox 258 3143 426 3207; x_wconf 86' lang='lat' dir='ltr'>imitando.</span> <span class='ocrx_word' id='word_1_275' title='bbox 471 3163 531 3206; x_wconf 84' lang='lat' dir='ltr'>nos</span> <span class='ocrx_word' id='word_1_276' title='bbox 560 3147 733 3227; x_wconf 84' lang='lat' dir='ltr'>utrumque</span> <span class='ocrx_word' id='word_1_277' title='bbox 756 3143 867 3207; x_wconf 70' lang='lat' dir='ltr'>lacere</span> <span class='ocrx_word' id='word_1_278' title='bbox 896 3142 1062 3219; x_wconf 88' lang='lat' dir='ltr'>debemus,</span> <span class='ocrx_word' id='word_1_279' title='bbox 1085 3145 1146 3208; x_wconf 88' lang='lat' dir='ltr'>et8</span> 
     </span>
    </p>
   </div>
   <div class='ocr_carea' id='block_1_3' title="bbox 103 3295 1118 3443">
    <p class='ocr_par' dir='ltr' id='par_1_3' title="bbox 103 3295 1118 3443">
     <span class='ocr_line' id='line_1_35' title="bbox 193 3295 1118 3370; baseline -0.005 -15"><span class='ocrx_word' id='word_1_280' title='bbox 193 3299 343 3355; x_wconf 75' lang='lat' dir='ltr'>omoioris</span> <span class='ocrx_word' id='word_1_281' title='bbox 361 3299 460 3354; x_wconf 85' lang='lat' dir='ltr'>modos</span> <span class='ocrx_word' id='word_1_282' title='bbox 541 3299 623 3370; x_wconf 72' lang='lat' dir='ltr'>lsit]</span> <span class='ocrx_word' id='word_1_283' title='bbox 644 3297 667 3353; x_wconf 92' lang='lat' dir='ltr'>si</span> <span class='ocrx_word' id='word_1_284' title='bbox 746 3305 778 3353; x_wconf 91' lang='lat'>11</span> <span class='ocrx_word' id='word_1_285' title='bbox 799 3297 867 3368; x_wconf 90' lang='lat' dir='ltr'>sint]</span> <span class='ocrx_word' id='word_1_286' title='bbox 888 3297 926 3351; x_wconf 86' lang='lat' dir='ltr'>sit</span> <span class='ocrx_word' id='word_1_287' title='bbox 987 3302 1021 3351; x_wconf 77' lang='lat'>28</span> <span class='ocrx_word' id='word_1_288' title='bbox 1041 3295 1118 3365; x_wconf 84' lang='lat' dir='ltr'>galia</span> 
     </span>
     <span class='ocr_line' id='line_1_36' title="bbox 103 3370 541 3443; baseline -0.005 -17"><span class='ocrx_word' id='word_1_289' title='bbox 103 3377 138 3426; x_wconf 77' lang='lat'>28</span> <span class='ocrx_word' id='word_1_290' title='bbox 158 3373 240 3443; x_wconf 91' lang='lat' dir='ltr'>quot]</span> <span class='ocrx_word' id='word_1_291' title='bbox 260 3372 465 3440; x_wconf 65' lang='lat' dir='ltr'>quodcunque</span> <span class='ocrx_word' id='word_1_292' title='bbox 484 3370 541 3425; x_wconf 83' lang='lat' dir='ltr'>loco</span> 
     </span>
    </p>
   </div>
   <div class='ocr_carea' id='block_1_4' title="bbox 195 3511 700 3582">
    <p class='ocr_par' dir='ltr' id='par_1_4' title="bbox 195 3511 700 3582">
     <span class='ocr_line' id='line_1_37' title="bbox 195 3511 700 3582; baseline 0.002 -17"><span class='ocrx_word' id='word_1_293' title='bbox 195 3517 209 3565; x_wconf 80' lang='lat'><strong>7</strong></span> <span class='ocrx_word' id='word_1_294' title='bbox 228 3513 303 3581; x_wconf 86' lang='lat' dir='ltr'>quod</span> <span class='ocrx_word' id='word_1_295' title='bbox 322 3512 359 3566; x_wconf 85' lang='lat' dir='ltr'>sit</span> <span class='ocrx_word' id='word_1_296' title='bbox 377 3511 558 3582; x_wconf 84' lang='lat' dir='ltr'>confragosus</span> <span class='ocrx_word' id='word_1_297' title='bbox 578 3511 700 3580; x_wconf 77' lang='lat' dir='ltr'>Scaliper</span> 
     </span>
    </p>
   </div>
   <div class='ocr_carea' id='block_1_5' title="bbox 0 0 1230 3938">
    <p class='ocr_par' dir='ltr' id='par_1_5' title="bbox 0 0 1230 3938">
     <span class='ocr_line' id='line_1_38' title="bbox 0 0 1230 3938; baseline 0 0"><span class='ocrx_word' id='word_1_298' title='bbox 0 0 1230 3938; x_wconf 95' lang='lat' dir='ltr'> </span> 
     </span>
    </p>
   </div>
  </div>
 </body>
</html>
