2452 3938
90 142 136 210 90
219 173 227 193 ’
518 171 704 230 ursacius

93 290 215 404 d90imp
241 309 281 373 ut
312 308 443 403 Menas3
478 339 545 384 non
576 320 661 385 nulli
692 320 800 403 etiam,
831 322 869 384 ut
894 317 1045 402 Murrius,
1079 318 1118 383 ad

93 392 227 469 ugmo.
306 429 309 434 ·

67 488 95 543 lv
189 477 255 549 Sed
279 491 354 574 quis
378 516 396 559 e
419 498 518 578 portu
540 500 616 580 post
637 497 751 563 Italico
774 495 884 579 prodit
907 517 944 560 ac
963 493 1002 559 de
1021 495 1118 560 suillo

97 582 218 666 pecore
242 580 397 663 expedit?
420 585 553 649 tametsi
572 583 719 650 Scrofam
740 584 947 668 potissimum
970 584 1008 648 de
1028 605 1067 647 ea
1085 606 1119 648 re

99 651 209 725 dicere
241 674 395 749 oportere
425 693 606 759 cognomen
636 674 704 739 eius
733 672 905 757 significat.
955 671 1014 737 Oui
1044 670 1154 736 Tre-s

100 746 242 846 meltius,
264 754 438 847 Ignorare,
461 762 580 848 inquit,
603 763 723 840 videre,
748 782 804 826 cur
828 761 972 845 appeller
997 759 1120 826 Scrofa.

101 835 214 923 ltaque
237 849 276 912 ut
298 849 397 914 etiam
420 851 455 916 hi
477 854 610 935 propter
632 856 665 916 te
689 850 802 934 sciant,
832 870 992 934 cognosce
1014 871 1121 915 meam

103 931 240 1011 gentem
270 939 401 1003 suillum
432 959 614 1022 cognomen
636 961 702 1004 non
725 939 862 1023 habere,
893 959 953 1002 nec
976 958 1029 1002 me
1053 958 1121 1003 esso

105 1016 146 1080 ab
179 1018 327 1091 Eumaeo
360 1031 477 1093 ortum.
531 1050 610 1092 avus
643 1048 733 1092 meus
765 1027 905 1112 primum
938 1027 1121 1111 appellatus

105 1110 156 1171 est
187 1107 318 1197 Scrofa,
351 1116 407 1200 qui
437 1119 590 1200 quaestor
618 1138 691 1181 cum
721 1119 806 1181 esset
835 1114 962 1181 Licinio
993 1113 1121 1180 Nervae
1134 1133 1157 1173 ιο

106 1201 254 1279 praetori
281 1204 316 1267 in
346 1203 536 1270 Macedonia
563 1205 731 1288 provincia
758 1205 888 1269 relictus
913 1205 1037 1288 [esset],
1068 1204 1123 1287 qui

106 1296 274 1369 praeesset
296 1293 460 1378 exercitui,
484 1294 560 1358 dum
584 1297 714 1378 praetor
736 1292 874 1376 rediret,
896 1289 1017 1377 hostes,
1038 1293 1122 1357 arbi·

106 1377 186 1443 trati
223 1382 425 1447 occasionem
460 1403 494 1446 se
526 1382 647 1447 habere
678 1381 849 1461 victoriae,
886 1381 1122 1464 inpressionem

77 1466 214 1533 2faoere
242 1474 419 1556 coeperunt
445 1471 480 1535 in
508 1474 624 1536 castra.
675 1492 766 1552 avos,
797 1491 869 1534 cum
897 1470 1123 1535 cohortaretur

108 1556 230 1623 milites
258 1563 295 1624 ut
323 1563 475 1644 caperent
503 1580 594 1623 arma
616 1561 714 1644 atque
737 1558 862 1622 exirent
885 1562 1011 1639 contra,
1042 1558 1123 1622 dixit
1135 1573 1156 1615 1⁵

108 1647 256 1711 celeriter
275 1669 310 1712 se
330 1649 414 1732 illos,
433 1650 470 1711 ut
485 1648 591 1713 scrofa
604 1669 729 1731 porcos,
748 1647 966 1730 disiecturum,
984 1646 1018 1710 id
1037 1645 1123 1731 quod

109 1734 197 1799 fecit.
243 1757 321 1799 nam
344 1756 382 1800 eo
405 1735 529 1818 proelio
553 1736 665 1800 hostes
688 1736 735 1800 ita
756 1734 842 1799 fudit
865 1756 902 1799 ac
925 1734 1063 1820 fugavit,
1086 1736 1122 1798 ut

109 1843 147 1885 eo
170 1821 279 1889 Nerva
300 1826 431 1906 praetor
454 1823 631 1906 imperator
654 1824 706 1908 sit
722 1824 918 1907 appellatus·
943 1845 1024 1889 avus
1049 1844 1123 1908 cog·

109 1931 230 1975 nomen
252 1911 413 1991 invenerit
435 1915 473 1976 ut
495 1911 654 1994 diceretur
677 1911 798 1977 Scrofa.
842 1913 952 1996 itaque
982 1933 1123 1996 proavos

110 2020 147 2065 ac
175 2001 355 2084 superiores
383 2000 422 2064 de
450 1997 631 2065 Tremelliis
657 2021 754 2065 nemo
785 2001 968 2083 appellatus
1000 1998 1122 2084 Scrofa,
1135 2017 1156 2056 2⁰

110 2110 168 2153 nec
191 2089 297 2153 minus
322 2089 480 2172 septimus
504 2111 576 2154 sum
599 2089 749 2171 deinceps
768 2089 951 2172 praetorius
970 2089 1004 2153 in
1024 2093 1123 2172 gente

110 2180 232 2243 nostra.
277 2199 335 2242 nec
363 2182 474 2242 tamen
502 2177 633 2264 defugio
659 2178 737 2263 quin
761 2177 865 2242 dicam
890 2197 969 2261 queo
993 2177 1061 2242 scio
1086 2177 1123 2241 de

81 2265 210 2330 3suillo
226 2286 362 2351 pecore.
408 2267 479 2350 agri
506 2267 591 2331 enim
618 2267 764 2331 culturae
794 2265 836 2330 ab
866 2265 959 2329 initio
982 2264 1032 2329 fui
1056 2269 1124 2330 stu-

111 2353 233 2437 diosus,
265 2376 324 2419 nec
352 2354 391 2418 de
419 2373 534 2438 pecore
564 2355 659 2420 suillo
687 2354 769 2418 mihi
797 2358 829 2418 et
855 2353 962 2438 vobis,
995 2355 1122 2440 magnis

109 2443 278 2527 pecuariis,
310 2464 349 2507 ea
370 2464 423 2507 res
445 2464 511 2507 non
534 2448 585 2507 est
607 2443 797 2508 communis.
843 2442 916 2528 quis
940 2442 1026 2529 enim
1049 2442 1158 2507 fun-²⁵

110 2532 185 2596 dum
209 2531 288 2596 colit
310 2534 467 2614 nostrum,
494 2531 571 2614 quin
595 2553 668 2596 sues
690 2532 819 2615 habeat,
843 2534 875 2595 et
898 2531 955 2615 qui
977 2551 1045 2595 non
1069 2554 1123 2597 au·

110 2619 206 2684 dierit
220 2623 342 2703 ,patres
369 2631 499 2684 nostros
527 2618 632 2684 dicere
660 2620 815 2704 ignavum
840 2623 872 2683 ct
895 2622 1123 2702 sumptuosum

110 2727 190 2791 esse,
214 2707 270 2791 qui
294 2707 466 2771 succidiam
489 2707 525 2770 in
547 2708 695 2772 carnario
719 2708 922 2790 suspenderit
944 2708 1057 2790 potius
1081 2709 1122 2773 ab

110 2795 248 2861 laniario
272 2816 369 2880 quam
392 2817 410 2859 e
434 2795 609 2861 domestico
633 2795 756 2861 fundo?

200 2956 216 3005 5
234 2949 381 3007 trebellius
454 2957 468 3006 7
489 2951 575 3007 etiam
598 2952 620 3005 ii
643 2953 741 3022 (etiam
761 2951 792 3006 hi
807 2953 933 3021 plurimo
951 2954 1123 3022 opoprapho)

111 3026 127 3075 9
147 3021 183 3077 ab
199 3038 262 3078 eum
281 3038 352 3077 aeuo
425 3026 459 3075 20
478 3023 624 3078 tremelliis
643 3023 789 3094 (tremellio
808 3024 865 3078 cod.
885 3024 962 3089 Por„
981 3021 1123 3078 cremellis

109 3094 151 3149 cel
169 3091 318 3150 cremelliis
337 3095 499 3163 apopraphu
517 3095 677 3164 recentiora)
768 3100 802 3149 23
828 3092 923 3165 suillo]
943 3093 1014 3148 sullo
1032 3096 1125 3164 priore

111 3166 167 3221 loco
274 3163 306 3218 fit
324 3163 466 3219 studiosus
489 3164 541 3234 (fui
564 3163 705 3219 studiosus
728 3164 766 3234 V)
875 3171 910 3220 28
932 3162 963 3218 in
982 3164 1125 3220 carnarios

110 3241 144 3290 29
159 3235 296 3361 danim}
319 3235 439 3376 (lapario
461 3236 588 3305 plurimo
615 3237 790 3307 apoprrrphn,
818 3233 938 3291 laniario
966 3237 1024 3292 cod.
1055 3236 1123 3292 Par.

109 3311 135 3360 ct
200 3311 232 3361 ut
249 3307 278 3362 oi
294 3312 357 3361 etur

199 3455 215 3500 e
235 3447 391 3502 tremellius
410 3463 457 3502 mv
490 3422 500 3438 ³
524 3448 596 3502 sas
614 3448 737 3503 cumaeo
758 3447 919 3502 roccam
936 3452 962 3503 u
984 3447 1126 3504 Vmerus

104 3523 140 3568 11
157 3519 277 3572 relictus
296 3516 345 3588 qui
362 3520 511 3589 praeesset
526 3535 543 3574 o
597 3525 632 3574 23
651 3518 735 3574 suillo
753 3535 800 3573 mo
861 3524 896 3573 28
914 3519 944 3572 in
962 3521 1090 3575 carnario
1108 3537 1126 3575 o
