2452 3938
103 158 143 222 78
512 155 699 212 VARRONIS

102 325 189 386 sum3
211 306 380 387 praeterea
403 303 488 387 quod
513 306 587 367 ante
610 302 823 367 admissuram
843 301 956 365 diebus
975 301 1116 386 triginta

101 391 257 457 arietibus
282 413 319 456 aa
341 394 445 456 tauris
469 392 564 456 datur
591 393 664 474 plus
688 391 766 474 eibi,
793 392 831 454 ut
853 390 938 455 vires
961 390 1117 475 habeant,

100 480 231 545 feminis
255 480 361 545 bubus
385 481 534 562 demitur,
557 480 642 564 quod
667 482 883 544 maoesoentes
903 479 1020 543 melius
1039 501 1115 544 eon-

49 569 207 654 ISoipere
236 568 394 635 dicuntur.
444 568 585 633 secunda
618 590 694 652 pars
723 572 773 632 ast
800 567 840 631 de
867 567 982 631 fetura.
1027 589 1115 632 nune

100 658 228 742 appello
247 657 389 722 feturam
409 680 428 721 a
447 660 603 740 conceptu
623 656 663 720 ad
683 661 825 740 partum:
857 655 893 720 hi
914 656 1002 719 enim
1021 678 1113 739 prae·
1141 675 1151 715 e

98 746 263 832 guntionis
286 746 384 832 primi
406 739 439 808 et
462 746 595 809 extremi
622 745 713 810 fines.
765 767 863 829 quare
891 745 1032 828 primum
1067 745 1112 810 vi-

99 834 237 899 dendum
257 835 296 898 de
317 833 520 915 admissione,
540 855 603 917 quo
622 855 768 918 quaeque
787 837 933 917 tempore
948 836 985 896 ut
999 833 1113 897 ineant

98 925 204 989 faeere
231 927 389 1007 oporteat.
434 943 512 985 nam
540 928 576 986 ut
604 923 701 987 suillo
729 922 838 1005 peeori
865 945 885 986 a
913 921 1045 986 favonio
1071 922 1112 987 ad

99 1013 339 1098 aequinoctium
370 1031 505 1074 vernum
535 1015 656 1094 putant
688 1016 816 1095 aptum,
856 1011 902 1074 sie
935 1010 1034 1075 ovillo
1070 1012 1111 1075 ab

99 1100 219 1167 araturi
242 1119 357 1162 occasu
385 1120 486 1182 usque
515 1099 556 1163 ad
587 1100 713 1182 aquilae
736 1120 895 1164 oceasum.
940 1104 1149 1182 praetereare

98 1187 247 1254 habenda
274 1187 371 1269 rati0‚
402 1191 523 1271 quanto
552 1192 727 1273 antequam
759 1188 896 1271 incipiat
928 1187 1112 1252 admissura

97 1276 166 1342 fieri
193 1295 297 1338 mares
327 1297 346 1338 a
368 1275 499 1340 feminis
524 1281 665 1341 secretos
688 1278 845 1360 habeant,
873 1275 959 1360 quod
983 1276 1054 1340 fere
1076 1278 1111 1341 in

97 1363 246 1429 omnibus
270 1363 356 1428 binis
380 1365 545 1429 mensibus
570 1369 645 1430 ante
668 1365 793 1430 faciunt
815 1371 849 1430 et
868 1364 1060 1430 armentarii
1079 1369 1111 1429 et

46 1452 262 1536 190piliones.
309 1452 413 1518 altera
435 1476 511 1538 pars
535 1459 599 1536 est,
622 1455 656 1518 in
678 1454 786 1519 fetura
810 1476 893 1538 quae
914 1453 981 1517 sint
1000 1455 1110 1519 obser·

96 1541 215 1621 venda,
247 1542 332 1624 quod
363 1542 427 1607 alia
456 1543 520 1607 alio
553 1547 700 1626 tempore
732 1563 844 1625 parere
877 1543 970 1608 solet.
1026 1559 1146 1628 equa1⁵

96 1629 180 1693 enim
213 1633 359 1693 ventrem
392 1631 456 1695 fert
488 1631 656 1695 duodecim
689 1652 831 1714 menses,
863 1652 962 1696 vaeea
990 1630 1111 1710 denam,

95 1717 164 1782 ovis
188 1720 221 1780 at
244 1739 341 1800 capra
365 1719 492 1802 quinos,
517 1742 570 1783 sus
595 1723 755 1803 quattuor.
802 1720 836 1784 in
858 1719 964 1783 fetura
987 1741 1040 1784 res
1065 1721 1111 1784 ine

94 1805 258 1870 credibilis
282 1810 333 1869 est
355 1808 389 1871 in
407 1806 577 1891 Hispania,
601 1808 657 1872 sed
681 1812 731 1872 est
750 1830 835 1891 vera,
858 1808 944 1892 quod
962 1807 998 1871 in
1016 1807 1109 1873 Lusi·

94 1893 185 1959 tania
214 1894 256 1958 ad
283 1915 442 1960 oceanum
469 1897 502 1959 in
531 1918 569 1960 ea
600 1896 748 1981 regione,
780 1898 837 1961 ubi
870 1901 920 1961 est
952 1897 1117 1980 oppidum·

13 2060 17 2069 1
95 1981 232 2066 Olisipo,
265 1988 374 2048 monte
408 1983 516 2070 Tagro
549 1986 706 2069 quaedam
739 2007 756 2049 e
788 1990 885 2050 vento
918 1987 1144 2069 concipiuntur

94 2074 182 2136 certo
205 2075 350 2155 tempore
374 2095 488 2157 equae,
518 2078 555 2138 ut
582 2073 635 2138 hio
664 2074 805 2158 gallinae
835 2095 962 2160 quoque
994 2075 1110 2158 solent,

93 2180 228 2244 quarum
258 2182 318 2224 ova
346 2161 540 2246 hypenemia
568 2163 741 2245 appellant.
787 2164 843 2227 sed
871 2185 909 2227 ex
939 2162 992 2227 hia
1016 2164 1109 2247 equis

93 2248 149 2331 qui
170 2249 240 2313 nati
264 2250 356 2333 pulli,
379 2272 444 2315 non
466 2252 539 2335 plus
562 2250 738 2314 triennium
761 2251 885 2316 vivunt.
923 2272 1005 2335 quae
1029 2257 1109 2317 nata

93 2340 169 2405 sunt
196 2341 325 2402 matura
353 2342 386 2402 et
413 2341 524 2424 eorda,
552 2343 588 2403 ut
616 2361 695 2423 pure
723 2342 756 2403 et
783 2340 925 2405 molliter
949 2343 1041 2405 stent
1064 2342 1109 2405 vi«

92 2425 231 2490 dandum
259 2430 292 2490 et
318 2449 358 2491 ne
387 2429 586 2493 obterantur.
637 2428 787 2492 dicuntur
815 2430 891 2512 agni
919 2429 1023 2512 cordi,
1053 2430 1107 2513 qui
1120 2447 1143 2487 2⁵

91 2519 167 2596 post
193 2519 322 2596 tempus
350 2521 529 2580 nascuntur
556 2539 593 2581 aa
621 2523 847 2580 remanserunt
870 2518 904 2581 in
927 2518 1034 2582 volvis
1059 2522 1107 2583 in·

38 2613 80 2672 20
90 2601 189 2666 timis.
211 2624 230 2663 a
253 2607 372 2668 vocant
395 2604 536 2687 chorion,
560 2627 579 2669 a
603 2626 666 2689 quo
691 2605 780 2669 cordi
804 2606 970 2689 appellati.
1007 2607 1107 2672 tertia

91 2711 141 2752 res
166 2693 225 2770 est,
248 2692 282 2754 ia
305 2692 471 2756 nutricatu
495 2715 577 2777 quae
601 2695 768 2759 observari
792 2698 951 2777 oporteat,
981 2696 1017 2759 in
1041 2718 1105 2782 quo

119 2917 124 2925 s
178 2871 195 2917 4
213 2866 299 2936 nune]
320 2883 378 2920 nun
449 2870 465 2919 8
486 2869 616 2937 oporteat
634 2868 757 2936 (oportet
780 2868 812 2937 V,
833 2869 964 2936 oporteat
977 2871 1105 2938 plurima

88 2936 260 3005 apoprapha)
372 2951 473 3006 pecore
557 2938 713 3009 teufilo]
733 2937 803 2992 ouili
904 2945 937 2992 14
956 2939 1105 3010 eipiliones

88 3012 123 3061 20
141 3007 260 3077 obsippo
369 3013 402 3061 22
422 3025 477 3063 oua
494 3007 635 3063 ianenemi
654 3010 801 3078 appellant
819 3026 923 3080 opopa,
953 3027 1010 3066 oua
1027 3013 1105 3066 iana·

90 3077 184 3132 nomia
202 3078 384 3149 appellabant
402 3080 461 3135 Pol.
542 3085 576 3134 28
596 3081 625 3134 in
643 3085 707 3135 ante
723 3080 868 3134 nutricatu
886 3097 937 3136 om.
1016 3083 1104 3154 quae]

90 3167 145 3216 qua
178 3222 188 3288 )
228 3148 372 3205 obseruari
390 3151 544 3219 (adseruari
562 3152 638 3220 Pol,
658 3151 800 3206 obseruari
820 3153 885 3210 libri
902 3169 990 3208 mana
1007 3155 1106 3224 serapti

88 3236 177 3274 omnes

175 3367 284 3418 annno
303 3362 416 3432 appello
436 3364 583 3419 Iaeaadas
681 3365 810 3433 8peoori
828 3382 875 3419 mv
979 3365 1101 3420 9ouillo

90 3432 226 3488 Gesaeraa
298 3439 332 3487 14
351 3433 489 3503 opiliones
508 3452 555 3491 mo
635 3440 668 3488 20
688 3435 789 3504 olisipo
813 3437 896 3491 codex
919 3437 1102 3492 Florentiam

87 3508 121 3556 22
141 3521 195 3559 oua
213 3500 355 3575 ὑπηνέμια
375 3505 532 3560 Politiaaas
605 3511 638 3560 28
657 3522 729 3574 quae
748 3507 889 3562 obseruari
908 3525 926 3563 e
