2452 3938
295 739 340 813 M.
370 737 586 810 TERENTI
613 737 855 810 VARRONIS

160 875 320 942 anain
343 873 633 942 avsncnavn
655 876 716 959 on
740 875 988 943 vrnnnncrs

432 980 722 1048 Pnsnouiavs
809 1066 811 1071 ¹

402 1105 537 1171 LIBER
561 1105 749 1172 TERTIVS

30 1302 44 1344 5
152 1262 234 1330 Oum
261 1266 342 1330 duae
369 1265 456 1330 vitae
484 1265 623 1330 traditae
652 1266 718 1328 sint
740 1265 925 1350 hominum,
956 1269 1103 1336 rusticaI

59 1359 93 1419 et
121 1356 259 1439 urbana,
288 1354 412 1439 quidni,
439 1353 548 1436 Pinni,
576 1352 709 1417 dubium
736 1375 804 1418 non
834 1357 885 1418 est
914 1355 994 1439 quin
1016 1357 1078 1421 hae

58 1465 129 1508 non
153 1443 258 1507 solum
281 1443 354 1508 loco
378 1443 536 1507 discretae
560 1441 636 1527 siut,
660 1442 715 1506 sed
739 1443 837 1506 etiam
861 1447 1006 1526 tempora
1031 1444 1079 1508 di·

58 1553 189 1597 versam
213 1531 373 1616 originem
395 1531 549 1595 habeant.
595 1531 761 1614 antiquior
784 1531 870 1595 enim
899 1532 1003 1598 multo
1026 1554 1079 1597 ru·

59 1617 157 1704 stica,
184 1620 270 1702 quod
296 1620 359 1684 fnit
386 1623 527 1703 tempus,
555 1640 629 1683 cum
655 1642 734 1684 rura
761 1621 905 1686 colerent
929 1620 1078 1687 homines

18 1747 44 1786 10
58 1730 164 1792 neque
191 1709 305 1773 urbam
332 1709 500 1773 haberant.
552 1709 672 1772 etenim
700 1709 959 1775 vetustissimum
989 1710 1111 1794 oppi·2

60 1796 138 1862 dum
157 1818 230 1862 cum
249 1798 294 1861 sit
312 1796 468 1862 traditum
487 1817 639 1882 graccum
657 1797 813 1862 Boeotiae
833 1798 973 1883 Thebae,
992 1799 1079 1883 qnod

58 1908 117 1950 rex
140 1884 277 1972 Ogygos
301 1886 488 1967 aedificarit,
511 1886 545 1950 in
568 1906 648 1970 agro
672 1886 821 1951 Romano
846 1886 960 1969 Roma,
984 1908 1083 1970 quam

59 1974 219 2039 Romulus
243 1997 312 2059 rex,
344 1976 448 2055 [nam]
471 1974 506 2037 in
530 1974 593 2037 hoc
616 1995 701 2038 nuno
724 1975 862 2057 denique
886 1977 937 2039 est
958 1978 997 2039 ut
1018 1975 1084 2040 dici

60 2063 174 2147 possit,
197 2085 262 2128 non
286 2084 360 2127 curn
383 2062 511 2127 Ennius
535 2061 678 2146 scripsit,

21 2222 47 2262 15
107 2185 307 2271 septingenti
331 2189 408 2250 sunt
430 2186 529 2269 paulo
553 2185 626 2268 plus
651 2184 838 2248 autminus
863 2186 948 2269 anni,

110 2278 249 2358 augusto
270 2275 405 2359 augurio
424 2277 599 2357 postquam
617 2272 732 2336 inclita
751 2273 883 2338 condita
897 2274 1004 2338 Roma
1018 2277 1082 2358 est3

64 2396 203 2482 Thebae,
235 2419 318 2482 quae
350 2399 425 2462 ante
459 2395 684 2479 cataclysmon
714 2394 823 2481 Ogygi
856 2396 1004 2461 conditae
1037 2397 1113 2463 di-3

64 2489 193 2575 cuntur,
217 2508 274 2550 aaa
296 2490 405 2550 tamen
429 2486 557 2551 circiter
581 2483 644 2549 duo
668 2483 759 2548 milia
781 2506 939 2550 annorum
959 2489 993 2550 et
1010 2507 1083 2551 ocn-

62 2579 133 2639 tum
153 2579 245 2639 sunt
277 2574 365 2658 quod
384 2578 513 2658 tempus
533 2573 562 2638 si
580 2573 701 2638 referas
721 2573 761 2637 ad
780 2573 860 2638 illud
879 2573 1084 2659 principium,

21 2701 47 2740 20
63 2685 127 2746 quo
157 2664 228 2747 agri
257 2665 319 2729 coli
347 2667 424 2728 sunt
453 2662 560 2747 coepti
589 2665 687 2746 atque
714 2662 749 2726 in
779 2661 862 2727 casis
887 2668 920 2727 ct
942 2664 1083 2749 tuguriis

61 2751 260 2816 habitabant
290 2773 351 2817 nec
384 2772 496 2816 murus
524 2754 558 2815 et
585 2754 681 2835 porta
709 2751 786 2834 quid
814 2753 900 2816 asset
928 2752 1085 2837 sciebant,

62 2840 188 2904 inmani
210 2862 345 2904 numero
371 2862 529 2905 annorum
552 2841 695 2903 urbanos
720 2840 881 2923 agricolae
904 2840 1104 2924 praestant*

62 2949 123 2992 nec
146 2928 277 3011 mirum,
308 2930 393 3012 quod
425 2928 533 2991 divina
556 2930 673 2991 natura
696 2926 784 2992 dedit
808 2950 919 3013 agros,
947 2950 1000 2992 ars
1023 2929 1113 2992 hu-4

62 3038 161 3081 mana
185 3016 367 3083 aedificavit
389 3016 500 3096 urbes,
533 3036 605 3080 cum
629 3019 715 3079 artes
741 3037 853 3080 omncs
877 3015 1025 3080 dicantur
1047 3016 1082 3080 in

155 3196 171 3245 6
199 3190 298 3259 quidni
323 3189 403 3259 pinni
431 3187 539 3259 (quidni
567 3185 657 3257 pinnii
685 3187 791 3258 apocr.)
878 3191 913 3242 20
940 3187 1082 3257 agricolao

64 3261 122 3316 sint
141 3261 236 3331 coepti

154 3427 189 3476 20
208 3421 272 3492 agri
289 3419 344 3476 coli
363 3421 430 3474 sunt
448 3420 541 3489 coepti
560 3419 708 3474 Iracundus
