2452 3938
287 749 333 825 M.
362 748 578 830 TERENTI
604 747 846 822 VARRONIS

109 887 270 954 RERVM
292 885 581 953 RVSTICARVM
604 887 663 952 DE
688 886 795 952 AGRI
818 886 1023 954 CVLTVRA
1120 969 1124 973 ⁵

409 1009 543 1076 LIBER
566 1009 730 1076 PRIMVS

148 1169 183 1235 si
203 1171 307 1236 otium
326 1193 430 1236 essem
449 1174 649 1252 consecutus,
672 1170 851 1254 Fundanio,
871 1172 1100 1241 commodiusI

27 1261 119 1325 stibi
147 1260 229 1325 haec
257 1259 446 1342 scriberem,
470 1281 552 1342 quae
580 1280 677 1341 nuno,
700 1263 736 1323 ui
759 1264 888 1342 potero,
912 1282 1072 1344 exponam

56 1348 210 1434 cogitans
240 1370 309 1413 esse
336 1347 588 1431 properandum,
617 1346 716 1430 quod,
746 1352 782 1410 ut
811 1347 939 1430 dicitur,
968 1351 996 1412 si
1024 1353 1073 1414 est

55 1439 156 1502 homo
185 1437 289 1519 bulla,
319 1458 358 1502 co
386 1436 492 1520 magis
521 1456 626 1500 senex.
672 1457 775 1499 annus
805 1436 890 1498 enim
914 1439 1072 1521 octogesi·
1143 1501 1145 1506 ,

56 1549 130 1590 mus
151 1525 305 1590 admonet
323 1546 374 1588 me
392 1528 430 1589 ut
449 1525 592 1589 sarcinas
611 1523 785 1609 conlignm,
804 1527 978 1609 antequam
996 1546 1072 1608 pro-

56 1615 186 1679 ficiscar
210 1637 227 1678 e
250 1613 326 1678 uto.
373 1635 480 1697 quare,
504 1612 658 1696 quonism
682 1612 789 1676 emisti
807 1612 953 1696 fundum,
977 1622 1101 1697 quem2

19 1725 44 1766 10
57 1704 142 1768 bene
165 1702 300 1768 colendo
324 1701 526 1766 fructuosum
550 1723 622 1766 oum
645 1701 751 1765 facere
774 1701 871 1786 velis,
898 1723 1013 1786 meque
1036 1706 1073 1766 ui

57 1791 90 1855 id
113 1787 199 1863 mihi
219 1791 358 1855 habeam
377 1811 489 1855 curare
508 1809 614 1874 roges,
637 1791 801 1875 experiar}
822 1795 855 1854 et
872 1812 938 1854 non
958 1791 1072 1874 solum,

59 1882 122 1960 [ut]
149 1880 220 1962 ipse
245 1878 350 1965 quand
374 1879 494 1963 vivam,
524 1878 601 1961 quid
625 1877 695 1942 fieri
718 1882 868 1961 oporteai
891 1882 928 1942 ui
951 1883 983 1942 te
1007 1900 1072 1943 mo·

58 1991 165 2050 neam,
189 1967 245 2032 sed
269 1969 368 2032 etiam
387 1969 463 2050 post
482 1970 629 2031 moriem.
664 1988 767 2050 neque
787 1967 893 2051 patiar
912 1966 1102 2051 sibyllanos

58 2079 123 2122 non
157 2056 263 2121 solum
293 2056 450 2121 cecinisse
477 2077 574 2138 quae,
606 2055 683 2120 dum
710 2056 847 2137 viveret,
880 2056 1073 2138 prodessent

24 2166 46 2207 15
59 2144 257 2227 hominibus,
285 2144 340 2208 sed
369 2143 469 2208 etiarn
492 2166 573 2227 quae
597 2165 670 2208 cum
698 2144 836 2227 perisset
862 2145 948 2226 ipsc,
979 2148 1012 2208 et
1038 2143 1073 2208 id

59 2234 160 2298 etiam
183 2232 399 2316 ignotissimis
423 2253 552 2316 quoque
575 2232 777 2315 hominibus3
801 2231 840 2294 ad
860 2232 951 2296 cuius
970 2232 1072 2296 libros

59 2325 109 2386 iot
134 2322 228 2385 annis
251 2325 327 2404 post
348 2320 478 2404 publice
501 2320 642 2384 solemus
668 2318 785 2397 redire,
815 2341 886 2384 cum
910 2318 1078 2383 desidera-¹

59 2432 147 2493 mus,
181 2409 257 2494 quid
285 2408 467 2474 faciendum
500 2407 543 2472 sie
574 2408 669 2472 nobis
699 2430 738 2471 ex
766 2408 874 2492 aliquo
904 2411 1072 2491 portento:

33 2503 34 2506 ’
59 2520 120 2583 me,
142 2497 279 2563 nedum
299 2498 373 2564 vivo
392 2497 531 2581 quidem,
554 2496 745 2561 necessariis
765 2497 845 2561 meis
865 2496 950 2580 quod
969 2497 1073 2580 prosit

23 2605 45 2647 so
59 2587 174 2654 facere.
221 2586 369 2670 quocirca
396 2585 535 2650 scribam
564 2584 626 2650 tibi
653 2588 720 2649 ’cres
742 2586 844 2651 libros
868 2586 1004 2669 indices,
1032 2585 1104 2650 ad4

59 2697 140 2759 quos
164 2679 339 2759 revertare,
362 2674 455 2758 siqua
478 2674 514 2737 in
536 2695 570 2737 re
595 2695 740 2757 quaeres,
764 2676 918 2758 quemad
941 2675 1073 2739 modum

58 2762 202 2847 quidque
228 2765 262 2827 te
290 2764 324 2827 in
353 2761 489 2827 colendo
518 2764 668 2845 oporteat
694 2762 810 2827 facere.
856 2766 889 2826 et
911 2764 1074 2847 quoniam,

57 2857 95 2916 uc
124 2853 230 2932 aiunt,
257 2850 308 2915 dei
335 2850 490 2915 facientes
517 2850 686 2934 adiuvant,
713 2851 802 2934 prius
825 2851 984 2916 invocabo
1008 2873 1075 2932 eos,

59 2962 127 3025 nec,
145 2943 184 3005 ui
201 2939 362 3005 Homerus
381 2943 415 3004 ei
432 2938 569 3022 Ennius
592 2937 713 3022 Musas,
732 2939 788 3004 sed
808 2939 976 3004 duodecim
995 2939 1072 3004 deos

23 3046 46 3088 2⁶
61 3027 247 3110 Consentis3
270 3050 373 3112 neque
386 3031 498 3092 tamen
512 3049 567 3092 eos
585 3027 739 3110 urbanos,
758 3050 894 3111 quorum
913 3028 1072 3112 imagines

149 3209 166 3256 4
185 3201 216 3256 P.
236 3201 343 3256 ouvs
363 3163 454 3256 essem
471 3217 528 3257 uon
546 3203 644 3257 morta
661 3203 711 3257 ooo
730 3189 787 3257 zoco
804 3201 984 3270 inscriptione

147 3367 166 3415 4
184 3361 216 3416 si
234 3363 323 3417 otium
342 3377 430 3416 essem
450 3362 613 3416 consecutus
632 3365 764 3417 corrector
782 3360 884 3416 codicis
903 3360 1072 3428 morentini,

61 3430 155 3486 Otium
174 3432 198 3487 si
217 3449 308 3487 essem
327 3432 491 3487 consecutus
510 3431 668 3487 Politicnus
