2452 3938
131 146 155 200 X
524 144 729 200 PRAEFATIO

131 290 374 354 Pontederae
387 290 420 353 in
441 288 683 374 ‘antiquitatum
701 291 875 356 latinarum
891 313 1023 376 graecar

131 379 391 444 enarrationibus
416 381 512 462 atque
536 379 828 444 emendationibus'
851 380 982 446 Patavii
1006 406 1023 445 a

132 468 241 551 editis,
275 468 389 550 quibus
423 468 458 530 in
485 467 599 550 primis
630 466 764 533 Catonis
794 473 826 533 et
854 469 1012 555 Varronis

96 578 101 639 j
131 557 288 642 singulari
311 556 470 621 industria
492 556 655 620 illustrare
679 563 712 621 et
735 558 905 622 emendare
925 559 1023 622 studu

130 668 171 709 ne
194 649 309 709 nostra
332 645 461 729 quidem
491 649 611 729 aetate,
641 645 831 731 priusquam
856 647 896 710 ad
918 648 1023 712 incorr

129 734 309 817 scripturae
345 735 470 798 fontem
507 734 613 798 aditus
650 735 833 817 patefactus
870 740 971 818 esset,
1004 760 1023 799 n

131 823 243 906 profici
270 824 305 886 in
332 822 556 887 emendatione
583 823 701 887 horum
731 824 888 887 librorum
917 826 1023 907 potuit

130 911 261 995 plurimi
284 912 416 976 inventa
439 913 584 994 priorum
609 911 768 977 editorum
787 913 883 976 nimis
903 914 1023 996 patient

129 1007 217 1084 rent,
248 1001 342 1084 pauci
370 1000 455 1064 unde
478 1000 597 1065 veteris
622 1000 800 1083 scripturae
823 1004 982 1065 memoria
1004 1026 1023 1086 p

130 1093 215 1153 esset
247 1090 475 1173 intellegerent
502 1090 553 1153 vel
580 1093 732 1154 naturam
760 1091 918 1154 sermonis
947 1089 1023 1154 Vari

129 1182 332 1262 perspectam
356 1177 524 1242 haberent.

217 1266 290 1350 Ego
320 1289 392 1331 eam
419 1267 593 1349 rationem,
623 1288 719 1349 quam
750 1267 828 1331 olim
859 1266 1021 1332 Victorius

129 1356 217 1420 claro
238 1356 384 1446 exemplo
404 1356 683 1420 demonstraverat
701 1377 805 1439 neque
823 1360 933 1421 tamen
954 1378 1023 1420 cons

129 1445 341 1527 obtinuerat‚-
358 1449 487 1509 secutus
516 1465 597 1508 sum.
646 1445 755 1527 itaque
784 1467 914 1527 operam
945 1445 1016 1508 dedi

129 1533 289 1616 scriptura
312 1533 480 1617 archetypi
502 1537 799 1616 repraesentaretur
818 1537 850 1597 et
869 1535 1023 1599 emendat:

128 1622 244 1687 borum
269 1623 366 1686 certis
389 1622 516 1706 legibus
537 1622 800 1704 adstringeretur.
829 1623 984 1686 editiones
1005 1645 1021 1685 e

127 1709 305 1774 montarios
338 1714 408 1774 tam
440 1714 585 1774 veterum
619 1732 715 1794 quam
749 1713 927 1775 recentium
957 1713 1023 1775 criti

48 1882 52 1886 .
127 1799 260 1883 perlegi,
283 1821 365 1884 quae
389 1802 463 1883 apte
484 1799 518 1862 in
537 1799 603 1862 illis
623 1799 792 1863 emendata
810 1799 1015 1863 inveniebam

128 1890 161 1953 et
195 1888 262 1951 suis
291 1889 490 1952 auctoribus*
506 1887 679 1953 vindicavi:
718 1888 795 1971 quid
825 1889 906 1951 mihi
933 1890 1020 1953 tribu

128 1976 180 2058 sit,
204 1977 357 2059 qnoniam
379 1976 474 2040 facile
497 1975 647 2061 intellegi
669 1979 799 2060 poterit,
824 1977 984 2060 adscripto
1010 2001 1023 2041 1

128 2065 311 2148 significare
344 2087 424 2147 opus
456 2087 523 2129 non
557 2087 626 2128 esse
659 2065 780 2148 putavi.
833 2067 945 2150 paucis
977 2068 1023 2130 loc

128 2153 244 2235 quibus
263 2155 363 2218 verba
381 2158 449 2218 tam
469 2155 611 2238 graviter
629 2159 782 2238 corrupta
801 2159 901 2239 erant,
925 2159 961 2219 ut
980 2178 1023 2238 pn

128 2242 351 2308 emendatione
382 2245 491 2308 sanari
518 2264 585 2308 non
608 2250 755 2326 possent,
784 2247 898 2309 notare
922 2266 1023 2328 corrup

127 2353 223 2415 quam
248 2331 363 2396 inanes
387 2333 585 2397 coniecturas
610 2332 780 2397 admittere
804 2334 913 2397 malui.

217 2453 338 2539 Scripsi
360 2455 455 2520 Halis
481 2454 643 2521 Saxonum
668 2478 778 2520 mense
802 2455 972 2520 Decembri

341 2567 368 2608 a.
392 2542 755 2609 MDGOOLXXXVIII.
