2452 3938
102 158 167 223 104
514 156 701 213 VARRONIS

102 304 211 388 binos,
240 325 313 368 cum
341 324 437 368 cavos
464 303 585 368 habeat
614 308 685 368 tum
713 306 932 388 renascentes,
967 304 997 368 ei
1026 308 1114 370 sexto

104 415 188 457 anno
211 392 344 477 inpleri,
372 396 520 476 septumo
545 413 657 456 omnes
680 391 799 457 habere
824 394 908 457 solet
929 395 1061 457 renatos
1085 395 1116 458 ct

103 482 280 564 conpletoa
334 480 396 546 hoc
435 481 574 546 maiores
607 482 662 564 qui
696 484 780 564 sunt,
812 482 963 566 intellegi
994 486 1116 566 negant

102 591 212 653 posse,
244 573 469 653 praeterquam
498 591 570 634 cum
600 570 710 634 dentes
739 570 805 633 sint
827 569 907 634 iacti
930 570 1062 635 brocchi
1086 574 1118 634 ct

104 659 275 741 supercilia
308 679 388 723 cana
420 663 452 723 et
480 659 539 723 sub
570 680 608 722 ea
635 659 782 741 lacunae,
814 679 852 722 ex
879 679 912 723 co
941 659 1147 725 observatus

71 748 214 814 4dicunt
241 769 314 811 eum
342 769 457 831 equom
485 747 604 812 habere
634 768 735 812 annos
759 746 906 812 sedecim.
952 747 1116 812 deforma

104 857 173 900 esse
198 838 327 919 oportet
345 836 570 921 magnitudine
588 835 723 918 modica,
746 835 832 918 quod
849 857 908 900 nec
926 840 1040 902 uastos
1058 857 1116 900 nec

102 925 244 989 minutos
268 925 360 989 dccet
384 946 464 1006 csse,
489 946 587 1007 equas
612 924 760 988 clunibus
784 945 821 988 ac
840 924 1010 989 ventribus
1031 924 1116 992 latis.

104 1035 212 1097 equos,
230 1015 273 1079 ad
293 1012 506 1077 admissuram
526 1035 606 1096 quos
621 1012 702 1076 velis
715 1010 845 1097 habere,
864 1012 972 1098 legere
988 1018 1117 1098 oportet

104 1100 212 1184 amplo
240 1122 388 1184 corpore,
416 1100 591 1185 formosos,
623 1101 712 1165 nulla
739 1110 832 1184 parte
860 1102 1005 1185 corporis
1034 1103 1117 1168 inter
1129 1128 1148 1168 ιο

73 1204 138 1260 5se
161 1211 227 1253 non
251 1193 474 1274 congruenter.
513 1190 619 1273 qualis
642 1189 771 1253 futurus
790 1190 834 1254 sit
855 1212 965 1275 equus,
989 1213 1007 1254 c
1026 1193 1116 1276 pullo

103 1279 277 1343 coniectari
303 1281 427 1362 potest,
460 1279 487 1343 si
519 1281 616 1363 caput
647 1278 747 1342 habet
777 1299 843 1343 non
873 1300 1030 1363 magnum
1060 1304 1117 1347 nec

104 1367 258 1431 membris
286 1367 428 1432 confusis
457 1368 485 1432 si
513 1372 577 1449 est,
608 1367 710 1432 oculis
738 1365 856 1451 nigris,
888 1369 1026 1433 naribus
1053 1392 1117 1436 non

104 1457 267 1540 angustis,
302 1457 434 1522 auribus
467 1455 653 1539 adplicatis‚
686 1456 855 1538 [angusta]
888 1455 966 1521 iuba
995 1459 1116 1541 crebra,

102 1545 203 1630 fusca,
231 1545 401 1628 subcrispo
430 1545 642 1609 subtenuibus
672 1544 779 1625 saetis,
809 1544 967 1627 inplicata
985 1546 1022 1609 in
1046 1547 1146 1611 dex-rs

102 1635 255 1698 teriorem
287 1637 413 1717 partem
446 1633 597 1713 cervicis,
630 1635 742 1716 pectus
775 1633 878 1697 latum
912 1638 945 1697 et
976 1635 1117 1720 plenum,

103 1723 224 1786 umeris
252 1721 343 1802 latis,
371 1726 482 1785 ventre
510 1721 650 1800 modico,
678 1721 798 1785 lumbis
827 1723 977 1788 deorsum
1006 1746 1117 1790 vorsus

103 1811 235 1893 pressis,
260 1809 401 1892 scapulis
419 1809 504 1892 latis,
528 1811 622 1894 spina
640 1809 780 1874 maxime
799 1810 928 1895 duplici,
953 1812 981 1876 si
1000 1814 1117 1898 minus,

104 1920 166 1964 non
199 1898 334 1979 extanti,
371 1897 451 1962 coda
485 1899 593 1982 ampla
625 1898 806 1982 subcrispa,
840 1901 988 1964 cruribus
1021 1903 1116 1967 rectis

105 1988 293 2073 aequalibus
321 1988 406 2051 intro
435 2007 547 2050 versus
575 1988 683 2070 potius
707 1986 870 2070 figuratis,
900 1990 1040 2072 genibus
1068 2011 1147 2056 ru-co

104 2077 213 2141 tundis
227 2097 267 2140 ne
282 2077 424 2161 magnis,
438 2075 570 2160 ungulis
585 2076 687 2140 duris:
710 2077 781 2139 toto
796 2098 929 2161 corporo
944 2081 982 2142 ut
1001 2078 1119 2145 habeat

104 2166 214 2246 venas,
234 2186 314 2248 quac
330 2165 545 2229 animadverti
558 2164 696 2248 possint,
710 2164 795 2246 quod
809 2168 864 2246 qai
877 2166 1013 2231 huiusce
1032 2168 1118 2233 modi

106 2254 159 2335 sit,
184 2255 244 2334 [et]
268 2275 341 2318 cum
365 2257 416 2317 est
439 2273 543 2337 aeger,
569 2253 609 2317 ad
627 2251 818 2316 medendum
843 2254 1011 2338 adpositus
1037 2259 1117 2337 [cor-

76 2353 182 2426 sspore
206 2343 334 2422 multol.
371 2342 409 2406 de
433 2341 535 2424 stirpe
558 2342 668 2426 magni
690 2342 826 2405 interest
849 2366 912 2426 qua
931 2344 1009 2426 sint,
1034 2345 1118 2430 quod

106 2453 225 2517 genera
244 2434 320 2496 sunt
338 2431 450 2495 multa.
478 2431 586 2512 itaque
605 2430 646 2494 ab
665 2430 727 2494 hoc
745 2431 871 2495 nobiles
891 2454 910 2495 a
929 2434 1117 2516 regionibus
1130 2451 1150 2493 a

105 2522 268 2602 dicuntur,
298 2520 333 2583 in
361 2517 496 2583 Graecia
523 2518 704 2583 Thessalici
734 2519 809 2602 equi
835 2540 856 2583 a
885 2520 1058 2606 massalia,
1085 2525 1119 2587 c'a

194 2676 267 2747 lei]
288 2676 328 2730 cis
372 2676 511 2743 arelatos
557 2674 687 2728 olacuni
707 2691 755 2728 sex
773 2674 925 2730 obseruata
966 2680 1119 2751 tequam]

105 2763 239 2816 equorum
312 2746 346 2799 dc
365 2761 415 2801 om.
490 2744 614 2800 'luallos
688 2751 809 2815 9equos
826 2747 983 2802 admissura
1056 2752 1120 2820 lege

107 2826 137 2872 11
159 2816 324 2887 congruenti
341 2818 475 2886 (congrus
493 2834 532 2870 nu
555 2817 717 2885 cpcprcptc
739 2819 900 2885 recentiora)
991 2822 1119 2892 epullo]

105 2907 119 2943 c
143 2887 222 2958 pulio
332 2895 365 2941 15
388 2888 465 2941 fusta
491 2886 582 2958 (fusca
604 2887 642 2956 V)
665 2887 808 2956 subcripta
831 2888 1026 2945 subtenuimus
1051 2892 1121 2947 satis

106 2964 138 3014 tt
157 2958 333 3028 inpublicata
356 2957 513 3027 (implicata
535 2958 573 3027 V)
648 2963 680 3011 17
705 2956 833 3012 deorsum
857 2975 953 3031 uersus
978 2961 1121 3028 (deorsum

104 3049 215 3086 uersum
240 3030 279 3099 V)
364 3036 399 3084 20
416 3029 539 3097 figurata
623 3035 657 3083 22
677 3031 794 3098 possunt
813 3029 888 3098 quod
905 3029 1023 3087 huiusce
1043 3034 1122 3088 modi

103 3109 138 3159 25
157 3101 207 3173 ab]
226 3101 263 3155 ad
335 3106 370 3154 26
388 3100 531 3155 thessalici
550 3101 616 3168 equi
634 3117 651 3154 a
673 3103 749 3155 terra
772 3101 867 3169 apulia
889 3101 990 3157 brocca
1008 3105 1122 3160 roseani

196 3233 313 3282 lcavos
332 3224 512 3280 cocciacus
589 3225 770 3279 trenatose
847 3224 998 3280 clacunae
1019 3245 1054 3281 ex
1071 3227 1121 3282 ob

105 3299 253 3353 seruatus
326 3303 426 3350 tcum
445 3312 547 3363 equum
565 3311 613 3351 mc
674 3297 802 3350 vuantos
821 3312 868 3350 me
927 3297 999 3350 9ad
1019 3297 1122 3352 admis-

106 3385 233 3423 suramv
298 3367 393 3436 legere
412 3369 524 3436 oportet
542 3383 589 3421 mu
657 3372 688 3421 11
709 3383 723 3420 e
743 3367 821 3435 pullo
839 3383 867 3420 m
919 3371 954 3419 -15
975 3369 1123 3438 subcrispa

105 3438 289 3495 subtenuibus
309 3437 411 3493 sstisc
488 3442 521 3492 22
541 3437 649 3506 possint
667 3455 683 3491 c
765 3435 840 3507 quod
858 3437 907 3506 qui
924 3439 1123 3495 huiuscemodi

101 3511 142 3564 sit
158 3511 310 3565 leccardus
