2452 3938
130 152 203 228 162Ι
543 165 730 221 vacamus

126 331 165 374 ex
183 309 263 392 ipsis
285 311 305 389 †
320 310 399 373 uiris
420 311 511 374 alvos
527 311 648 374 habeat
665 332 683 371 a
701 332 775 374 nem
791 312 1045 394 congerminarit
1065 337 1141 380 oon·

124 398 282 463 iecturam
316 399 462 481 capiunt,
495 399 522 462 si
555 399 642 463 intus
669 399 795 464 faciunt
817 400 972 464 bombum
997 405 1039 485 et,
1068 426 1143 470 cum

124 486 211 552 intro
236 491 314 550 eunt
338 508 375 551 ac
397 487 494 570 foras,
516 487 681 570 trepidant
704 493 737 552 et
760 489 797 570 si,
820 491 975 571 opercula
993 493 1144 559 alvorum

125 597 198 639 cum
208 577 353 658 remoris,
362 576 510 640 favorum
525 576 684 640 foramina
695 576 834 641 obducta
844 577 994 643 videntur
1004 581 1143 664 [mellis]

75 665 333 746 33membranis,
356 686 430 728 oum
454 665 520 728 sint
542 663 660 749 repleti
683 664 787 730 melle.
823 665 857 729 in
881 667 1053 733 eximendo
1074 673 1143 755 qui·
1167 692 1177 733 5

127 753 201 817 dam
225 754 337 818 dicunt
360 756 509 837 oportere
532 754 580 817 ita
602 758 639 817 ut
660 775 776 817 novem
799 757 909 837 partes
932 756 1058 841 tollere,
1090 760 1143 823 de-

127 863 252 906 cumam
275 842 469 925 relinquere:
494 842 579 925 quod
602 842 630 905 si
654 863 748 906 omne
771 843 902 925 eximas,
924 843 995 908 fore
1017 850 1056 910 ut
1078 848 1141 911 dis·

126 930 250 997 cedant
296 931 353 994 alii
385 930 446 993 hoc
478 931 550 1013 plus
582 930 757 1015 relincunt,
790 953 887 1014 quam
920 931 994 998 dixi.
1040 939 1077 997 ut
1107 937 1141 999 in

126 1019 227 1082 aratis
256 1020 311 1103 qui
338 1019 461 1081 faciunt
484 1019 645 1083 restibiles
670 1023 805 1102 segetes,
834 1019 909 1102 plus
934 1021 1050 1085 tollunt
1072 1023 1141 1086 fru-

126 1109 227 1171 menti
256 1128 293 1170 ex
321 1106 515 1188 intervallis,
548 1108 594 1170 sic
621 1108 655 1170 in
683 1106 780 1192 alvis,
813 1109 840 1171 si
872 1129 940 1172 non
967 1111 1135 1192 quotannis
1150 1133 1175 1170 ιο

128 1196 248 1259 eximas
272 1199 416 1258 autnon
440 1216 540 1279 aeque
563 1196 712 1278 multum,
735 1199 768 1259 et
791 1196 897 1280 magis
917 1197 970 1261 his
989 1197 1139 1263 adsiduas

73 1293 115 1350 34
126 1284 248 1348 habeas
277 1305 353 1365 apes
384 1288 417 1346 et
445 1283 550 1369 magis
584 1283 777 1348 fructuosas.
824 1286 1067 1350 eximendorum
1094 1287 1141 1350 fa·

125 1394 239 1436 vorum
258 1373 399 1457 primum
418 1376 535 1455 putant
555 1393 624 1436 esse
642 1375 771 1456 tempus
788 1374 1000 1455 vergiliarum
1020 1380 1140 1456 exortu,

126 1464 300 1527 secundum
324 1465 446 1525 aestate
471 1464 552 1545 acta,
576 1464 750 1546 antequam
773 1464 862 1525 totus
887 1464 1051 1528 exoriatur
1072 1485 1137 1527 arc·

125 1554 232 1632 turus,
264 1550 398 1614 tertium
426 1554 501 1632 post
527 1550 736 1634 vergiliarum
765 1570 925 1632 oceasum,
960 1558 994 1616 et
1021 1552 1077 1634 ita,
1104 1551 1136 1615 'si
1149 1572 1175 1612 15

125 1639 261 1702 fecunda
294 1639 339 1702 sit
370 1639 470 1721 alvos,
502 1642 539 1702 ut
570 1660 610 1702 no
641 1639 716 1722 plus
748 1638 846 1702 tertia
872 1660 949 1723 pars
982 1641 1140 1704 eximatur

125 1728 242 1807 mellis,
265 1726 426 1809 reliquum
449 1729 488 1788 ut
509 1726 702 1791 hiemationi
725 1728 939 1810 relinquatur3
973 1729 1026 1791 sin
1051 1729 1145 1793 alvus

126 1837 191 1878 non
216 1815 259 1878 sit
281 1813 424 1893 fertilis,¹
440 1814 558 1896 nequid
586 1815 752 1879 eximatur.
800 1818 959 1897 exemptio
988 1837 1066 1880 oum
1097 1821 1147 1882 est

126 1904 243 1984 maior,
273 1923 375 1987 neque
403 1902 587 1966 universam
611 1925 714 1985 neque
738 1904 848 1986 palam
868 1902 973 1966 facere
997 1911 1147 1985 oportet,

126 2014 166 2056 ne
190 1992 340 2057 deficiant
363 1990 514 2055 animum.
560 1990 628 2055 favi
652 1992 707 2074 qui
731 1992 920 2073 eximuntur,
945 1990 1043 2072 siqua
1067 1998 1184 2075 persei

127 2079 212 2144 nihil
235 2081 335 2144 habet
358 2083 414 2144 aut
437 2079 536 2143 habet
558 2080 757 2161 incusatum,
779 2080 907 2144 cultello
930 2080 1148 2163 praesicatur.

75 2169 360 2252 35providendum
383 2190 423 2232 ne
446 2168 641 2233 infirmiores
665 2169 935 2233 evalentioribus
956 2169 1147 2250 oppriman-

126 2262 192 2321 tur:
231 2278 268 2320 eo
302 2257 388 2320 enim
424 2257 579 2320 minuitur
611 2257 744 2322 fructus.
789 2257 898 2340 itaque
924 2256 1147 2325 inbecilliores

128 2351 269 2410 secretas
294 2346 457 2410 subiciunt
480 2346 540 2409 sub
565 2347 704 2409 alterum
726 2367 845 2430 regem.
891 2366 972 2427 quae
996 2346 1146 2411 crebrius

128 2436 214 2499 inter
238 2457 270 2500 se
293 2435 501 2519 pugnabunt,
533 2435 665 2517 aspergi
688 2456 742 2498 eas
767 2438 896 2517 oportet
920 2455 1004 2518 aqua
1027 2436 1185 2499 mulsam

128 2545 191 2606 quo
215 2523 302 2588 facto
326 2544 390 2587 non
414 2523 509 2586 modo
531 2524 624 2604 [non]
644 2523 805 2586 desistunt
823 2542 941 2606 pugna,
968 2521 1142 2586 sedetiam

128 2612 328 2677 conferciunt
361 2633 395 2675 se
428 2611 605 2695 lingentes,
638 2632 675 2674 eo
708 2611 829 2693 magis,
862 2611 889 2673 si
926 2612 1034 2675 mulso
1067 2617 1139 2673 sunt

128 2721 291 2783 aspersae,
327 2720 390 2782 quo
424 2704 556 2781 propter
589 2699 718 2764 odorem
752 2699 875 2762 avidius
909 2697 1072 2781 adplicant
1104 2718 1138 2760 se

217 2877 233 2924 3
260 2871 356 2925 aluum
384 2888 447 2926 cum
474 2872 633 2927 remoreissi
660 2871 788 2927 fauorum
809 2875 876 2924 uota
898 2872 992 2925 mendi
1015 2872 1147 2940 adposita

130 2951 145 2998 '1
165 2959 277 2996 omnem
297 2944 390 3011 (omne
415 2943 452 3010 V)
489 2942 561 2997 forte
581 2944 650 3012 (fore
674 2942 712 3012 V)
750 2940 838 2995 Bhoc
857 2941 917 2996 eius
936 2942 1000 3010 (hoc
1019 2944 1084 3012 plus
1106 2942 1146 3010 V)

128 3021 162 3069 10
182 3013 338 3083 quodannis
421 3020 452 3068 11
474 3015 574 3086 aeque]
595 3030 722 3083 quaeque
802 3019 834 3066 13
855 3013 982 3066 exortum
1053 3019 1086 3067 16
1107 3013 1147 3067 fe-

128 3087 230 3158 cunda]
256 3085 379 3140 secunda
452 3091 484 3139 1⁷
512 3087 545 3138 ut
572 3083 750 3154 hiemationi]
776 3100 809 3138 ex
832 3083 1004 3136 hiematione
1085 3084 1147 3138 sine

128 3157 208 3211 aluus
230 3174 285 3211 non
307 3156 340 3209 fit
362 3155 462 3210 fertilis
485 3156 539 3210 nisi
565 3155 632 3224 quid
710 3160 743 3209 18
773 3154 903 3222 exempto
927 3153 1081 3224 (exemptio
1108 3155 1146 3223 V)

128 3234 161 3280 22
181 3244 216 3281 ne
233 3228 368 3282 firmiores
388 3229 434 3296 (ne
453 3225 618 3281 infirmiores
642 3226 680 3294 V)
753 3230 787 3279 27
807 3224 958 3294 seligentes

217 3374 234 3422 4
248 3369 339 3422 mellis
352 3370 464 3424 inclusit
478 3368 659 3424 Schneiderus
697 3372 729 3421 13
740 3368 838 3420 exortu
853 3365 1000 3420 Iucundos
1040 3372 1074 3419 16
1090 3367 1148 3421 foa·

129 3439 220 3493 cunda
237 3440 382 3494 Iucuudus
438 3444 469 3492 17
490 3439 513 3492 si
532 3455 589 3492 non
607 3440 644 3491 sit
661 3437 776 3506 fertilis,
794 3437 823 3490 ni
843 3436 911 3505 quid
931 3435 1072 3491 eximatur
1096 3437 1144 3491 Ur·

127 3510 206 3563 ciuus
260 3515 294 3563 26
313 3526 369 3565 non
388 3511 471 3565 modo
490 3510 629 3565 desistunt
647 3511 704 3564 cod.
725 3509 792 3564 Par.
865 3513 899 3562 27
919 3523 949 3561 se
968 3507 1113 3576 lingentes
1131 3523 1148 3562 o
