2452 3938
320 170 451 226 RERVM
468 170 705 227 RVSTICARVM
722 171 788 229 LIB.
803 171 892 227 11116
1055 173 1118 238 157

105 339 189 401 quae
211 316 352 381 maxime
376 318 529 381 secuntur
551 338 637 399 apes.
679 338 717 380 ea
740 321 817 381 sunt
839 338 923 396 rosa,
946 318 1121 404 serpyllon,

106 407 297 489 apiastrum,
320 427 471 489 papaver,
493 404 579 487 faba,
603 405 682 489 lens,
704 405 825 489 pisum,
849 406 1004 491 ocimum,
1028 429 1120 491 cype-

104 517 186 576 rum,
210 494 341 577 medice,
363 494 503 557 maxime
527 494 682 579 cytisum,
705 493 790 575 quod
812 495 916 560 minus
938 495 1120 560 valentibus

106 583 317 647 utilissimum
341 586 399 646 est.
445 581 564 646 etenim
594 582 635 646 ab
660 582 862 666 aequinoctio
886 604 985 649 verno
1008 583 1121 648 florere

78 672 223 754 sincipit
245 675 287 745 ct,
300 673 469 752 permanet
492 670 531 734 ad
556 670 698 734 alterum
721 670 960 755 aequinoctium
981 673 1121 752 [autum-

104 762 207 840 num].
261 759 317 823 sed
345 763 381 823 ut
407 758 470 823 hoc
498 759 705 843 aptissimum
733 759 775 822 ad
802 760 975 824 sanitatem
1003 761 1122 845 apium,
1133 770 1174 827 14

104 849 153 913 sic
176 847 217 911 ad
241 847 445 912 mellificinm'
461 847 620 930 thymum.
656 851 790 931 propter
812 848 874 912 hoc
894 846 1038 913 Siculum
1057 851 1122 914 mel

104 937 171 1000 fert
197 937 355 1018 palmam,
384 935 470 1019 quod
497 936 544 1000 ibi
570 936 719 1019 thymum
743 937 864 1002 bonum
887 937 1038 1022 frequens
1062 941 1121 1001 cst.

105 1027 218 1108 itaque
241 1024 373 1107 quidam
396 1024 546 1107 thymum
569 1025 771 1090 contundunt
793 1026 828 1090 in
850 1026 918 1108 pila
942 1028 974 1089 et
992 1026 1120 1090 diluunt

64 1136 91 1176 ιο
105 1113 140 1177 in
165 1113 393 1196 aquatepida:
422 1134 459 1177 eo
483 1116 703 1196 conspergunt
725 1113 834 1177 omnia
858 1113 1030 1178 seminaria
1048 1135 1122 1178 con·

108 1202 173 1266 sita
196 1201 307 1284 apium
326 1223 431 1265 causa.
460 1202 545 1285 quod
569 1202 609 1266 ad
633 1201 739 1266 locum
762 1201 912 1285 pertinet,
934 1202 995 1267 hcc
1019 1222 1120 1287 genus
1134 1211 1174 1271 15

106 1290 312 1374 potissimum
341 1289 523 1374 eligendum
550 1290 641 1355 iuxta
664 1290 788 1372 villam,
816 1312 881 1354 non
912 1313 974 1374 quo
998 1312 1064 1356 non
1087 1292 1120 1356 in

108 1379 205 1443 villae
232 1378 360 1461 porticu
388 1400 515 1463 quoque
544 1379 690 1462 quidam,
722 1399 785 1460 quo
812 1378 915 1442 tutius
944 1383 1043 1462 esset,
1076 1381 1121 1444 al·

107 1466 232 1531 varium
257 1467 454 1531 collocarint.
483 1466 540 1531 ubi
562 1467 636 1552 sint,
659 1466 715 1530 alii
737 1465 862 1531 faciunt
884 1488 923 1530 ex
946 1467 1121 1532 viminibus

66 1576 94 1618 rs
108 1554 276 1632 rotundas,
309 1555 365 1619 alii
397 1576 414 1617 e
446 1555 537 1640 ligno
570 1577 607 1620 ac
640 1554 823 1638 corticibus,
855 1553 911 1618 alii
938 1575 977 1622 ex
1007 1555 1121 1620 arbore

107 1666 196 1725 cava,
221 1643 278 1707 alii
300 1642 430 1722 fictiles,
454 1644 510 1708 alii
534 1644 632 1708 etiam
656 1665 695 1707 ex
717 1643 828 1707 ferulis
852 1643 1029 1726 quadratas
1052 1644 1121 1708 lon-

107 1753 166 1818 gas
195 1731 292 1816 pedes
321 1731 449 1797 circiter
476 1736 602 1811 ternos,
629 1733 714 1796 latas
742 1731 869 1816 pedem,
898 1732 954 1796 sed
977 1732 1039 1812 ita,
1066 1732 1124 1797 ubi

107 1820 224 1904 parum
248 1822 324 1884 sunt
347 1842 429 1905 quae
455 1822 641 1905 conpleant,
671 1825 709 1885 ut
733 1842 788 1885 cas
812 1823 1059 1904 conangustent,
1091 1821 1125 1886 in

108 1912 201 1974 vasto
225 1908 297 1973 loco
322 1909 410 1972 inani
430 1929 468 1974 ne
486 1909 708 1992 despondeant
726 1911 878 1974 animum.
916 1909 997 1974 hacc
1017 1911 1127 1974 omnia

69 2019 96 2062 ao
110 2001 228 2063 vocant
260 2019 280 2060 a
309 1998 415 2061 mellis
448 1997 601 2062 alimonio
632 2000 735 2081 alvos,
767 2019 847 2081 quas
875 1995 948 2061 ideo
977 1997 1126 2062 videntur

111 2086 234 2151 medias
274 2087 380 2150 facere
417 2086 681 2169 angustissimas,
717 2089 755 2149 ut
785 2085 925 2168 figuram
956 2084 1126 2150 imitentur

111 2197 229 2240 earum.
275 2174 384 2239 vitiles
414 2174 491 2238 fimo
520 2175 643 2239 bubulo
672 2175 824 2238 oblinunt
851 2173 939 2238 intus
969 2177 1002 2238 ct
1025 2178 1178 2259 extra,16

110 2285 150 2328 nc
174 2263 349 2346 asperitate
377 2262 634 2348 absterreantur,
653 2277 790 2347 *easque
818 2262 909 2327 alvos
939 2263 986 2326 ita
1014 2263 1125 2328 conlo·

111 2357 187 2416 cant
214 2352 248 2415 in
276 2352 412 2416 motulis
440 2352 584 2434 parietis,
611 2354 649 2415 ut
676 2373 716 2415 nc
745 2351 910 2434 agitentur
937 2371 1017 2414 neve
1039 2352 1125 2414 inter

71 2460 97 2502 aa
111 2462 145 2504 sc
169 2440 372 2524 contingant,
395 2462 468 2504 cum
491 2440 524 2504 in
548 2440 692 2505 ordinem
713 2439 780 2504 sint
797 2439 930 2522 positae.
959 2439 1005 2502 sic
1027 2439 1125 2503 inter-

110 2530 196 2593 vallo
233 2528 430 2611 interposito
463 2530 600 2594 alterum
632 2531 665 2594 et
697 2528 831 2592 tertium
863 2526 1009 2591 ordinem
1040 2527 1126 2607 infra

110 2617 234 2682 faciunt
258 2621 290 2682 et
313 2618 405 2682 aiunt
423 2617 533 2701 potius
551 2616 628 2682 hinc
647 2617 733 2681 demi
752 2619 912 2700 oportere,
934 2638 1031 2701 quam
1051 2616 1126 2680 addi

111 2710 271 2788 quartum.
309 2706 416 2770 media
434 2707 516 2790 alvo,
540 2705 601 2788 [in]
621 2728 686 2790 qua
703 2706 869 2771 introeant
888 2726 980 2788 apes,
1002 2705 1128 2769 faciunt

111 2795 273 2856 foramina
299 2815 400 2875 parva
428 2794 541 2858 dextra
568 2817 606 2860 ac
628 2795 770 2860 sinistra.
817 2794 857 2858 ad
881 2796 1035 2878 extrema,
1063 2815 1127 2879 qua
1140 2805 1179 2861 17

73 2903 101 2940 eo
115 2878 256 2942 mellarii
291 2879 405 2944 favum
435 2883 573 2947 eximere
601 2884 748 2968 possint,
785 2884 936 2967 opercula
967 2884 1129 2967 inponunt

117 2965 209 3030 alvis.
245 2965 384 3047 optimae
403 2969 485 3032 fiunt
503 2971 669 3055 corticcac,
688 2971 880 3036 deterrimae
898 2970 1023 3053 fictiles,
1044 2971 1128 3055 quod

140 3126 143 3130 ⁸
206 3137 375 3209 lserpillon
420 3139 564 3207 aciprum
581 3141 708 3196 medicae
754 3142 931 3210 scythisum
966 3141 1059 3195 minus
1078 3157 1128 3198 om.

117 3217 151 3336 ἐξ
169 3213 288 3351 gggseffit
300 3209 437 3265 stuariam
465 3209 636 3264 collocarent
709 3217 741 3266 17
764 3212 825 3282 ubi]
850 3210 895 3265 uti
968 3217 1001 3266 19
1024 3229 1059 3266 nc
1078 3228 1127 3267 om.

204 3449 220 3497 2
250 3458 382 3512 cyperum
415 3440 562 3497 Iucundos
651 3445 668 3494 3
696 3439 788 3494 minus
819 3438 982 3496 ualentibus
1015 3439 1131 3496 Ursinus

119 3518 153 3566 14
171 3514 336 3569 collocarint
353 3530 369 3567 o
441 3517 476 3566 28
494 3513 524 3565 in
541 3513 655 3569 inclusit
673 3512 854 3568 Schneiderus
933 3518 966 3567 30
985 3510 1096 3582 possint
1113 3529 1129 3568 o
