2452 3938
345 168 476 223 RERVM
493 167 730 223 RVSTICARVM
747 167 813 223 LIB.
829 168 856 221 II
875 175 889 222 1
1084 169 1126 233 79

112 314 192 396 quot
221 312 333 378 diebus
362 314 476 378 matris
507 317 625 398 sugant
647 335 823 377 mammam
847 316 880 377 et
901 313 935 377 id
958 337 1021 398 qno
1044 319 1125 380 tem-

110 422 189 484 pore
215 404 248 464 et
269 402 341 485 ubi3
364 407 397 466 et
420 403 449 466 si
471 425 587 487 parum
611 402 711 466 habet
734 401 829 466 laetis
850 405 962 487 mater,
984 406 1022 466 ut
1041 404 1124 468 subi-

112 491 177 554 ciat
201 490 262 554 su'b
287 491 421 555 alterius
444 513 634 574 mammam,
663 491 720 574 qni
743 489 948 573 appellantur
971 491 1125 576 subrnmi,

111 578 143 642 id
167 582 219 642 est
242 580 302 643 sub
326 601 476 645 mamma.
523 580 657 663 antiquo
686 579 773 644 enim
800 579 959 644 vocabulo
983 602 1125 645 mamma

84 667 223 750 brumis,
246 671 283 731 ut
306 669 428 751 opinor.
459 667 527 732 fere
551 667 592 732 ad
616 671 770 752 quattuor
792 689 919 732 menses
944 690 1124 733 amamma

109 777 177 820 non
202 756 415 842 diiunguntur
438 757 529 842 agni,
556 757 750 840 haedibus,
776 757 868 908 porei
891 756 964 822 duo.
1010 757 1123 841 equis

109 845 165 931 qui
185 846 252 908 iam
271 845 344 928 puri
364 850 440 910 sunt
463 846 503 909 ad
527 845 790 929 sacrificium,ut
813 844 1020 928 inmolantur‚
1043 846 1123 909 olim

109 934 267 1018 appellati
286 956 403 1036 sacres,
422 956 503 1018 quos
523 935 667 1036 appellat
680 934 777 998 Plaut
763 939 825 1015 t‚us
845 955 917 998 oum
937 934 985 998 ait
998 934 1124 1019 quanti

109 1025 188 1087 sunt
218 1024 308 1107 porei
336 1016 495 1088 saeresl'.
537 1023 584 1088 sio
618 1023 718 1087 boves
747 985 853 1087 altiles
887 1022 927 1088 ad
963 1023 1160 1087 sacrificia

69 1135 94 1174 10
108 1112 242 1194 publiea
266 1112 406 1196 saginati
379 1112 580 1176 tidiountur
603 1110 711 1197 opimi.
759 1116 875 1197 quartu
904 1133 979 1195 pars
1010 1117 1060 1176 est
1046 1111 1172 1176 adem

110 1200 261 1284 sanitate,
283 1222 334 1264 res
355 1200 525 1283 multiplex
550 1223 587 1265 aa
605 1200 798 1282 necessaria,
826 1200 911 1283 quod
935 1202 1123 1266 morbosum

108 1310 207 1372 pecus
228 1293 276 1353 est
295 1289 459 1367 vitiosum,
478 1293 511 1352 et
530 1289 683 1374 quoniam
697 1311 763 1352 non
776 1290 873 1371 valet,
893 1311 988 1373 saepe
1003 1311 1122 1374 magna

109 1377 304 1441 adficiuntur
336 1378 530 1443 calamitate.
584 1377 674 1441 ouius
708 1378 862 1440 scientiae
896 1399 1016 1461 genera
1049 1380 1146 1462 duo„

107 1471 146 1530 ut
169 1466 203 1530 in
226 1466 371 1549 homine,
402 1489 501 1530 unum
525 1465 565 1530 ad
590 1487 672 1549 quae
696 1464 870 1529 adhibendi
894 1465 1018 1548 medici,
1042 1466 1121 1529 alte-

69 1577 180 1619 rarum
210 1576 292 1639 quae
319 1555 388 1638 ipse
419 1556 518 1618 etiam
544 1557 658 1638 pastor
686 1553 825 1637 diligens
853 1554 973 1617 mederi
1007 1554 1120 1637 possit.

108 1644 176 1707 eius
204 1647 315 1727 partes
344 1647 420 1708 sunt
447 1648 523 1708 tres.
568 1664 645 1708 nam
674 1641 1011 1726 animadvertendum,
1039 1663 1120 1726 quae

107 1733 261 1816 cuiusque
284 1732 389 1796 morbi
418 1733 461 1796 sit
489 1754 600 1814 eausa,
628 1753 772 1816 quaeque
796 1732 890 1816 signa
913 1753 1023 1796 aarum
1048 1752 1120 1795 oau-

107 1842 216 1884 sarum
231 1820 305 1899 sint,
324 1825 452 1905 atquae
467 1842 626 1906 quemque
645 1822 794 1886 morbum
813 1820 937 1886 curatio
959 1821 1118 1902 [curandi]

61 1909 199 1995 sequi
222 1909 346 1974 debeat.
391 1910 459 1974 fere
483 1911 669 1974 morborum
694 1931 809 1974 causae
834 1913 943 1991 erunt,
966 1908 1051 1993 quod
1075 1910 1119 1974 la·
1132 1918 1173 1974 22

68 2022 93 2061 ao
107 1999 226 2063 borant
212 2001 388 2081 tpropter
415 2002 523 2063 aestus
553 2002 609 2062 aut
636 2001 770 2081 propter
797 1997 935 2081 frigora,
967 2018 1026 2060 neo
1056 2018 1122 2062 non

106 2087 206 2151 etiam
238 2090 373 2170 propter
409 2088 546 2151 nimium
584 2087 729 2151 laborem
762 2089 819 2150 aut
851 2089 965 2150 eontra
997 2086 1120 2151 nullam

106 2175 383 2259 exercitationem,
416 2179 472 2240 aut
505 2176 547 2259 si,
580 2196 653 2238 oum
685 2175 875 2258 exercueris,
907 2175 1019 2238 statim
1051 2176 1120 2239 sine

104 2265 278 2329 intervallo
302 2263 409 2329 eibum
437 2267 494 2328 aut
522 2264 689 2347 potionem
712 2262 846 2326 dederis.
893 2263 988 2344 signa
1011 2267 1119 2328 autam

105 2356 191 2430 sunt,
215 2356 387 2417 uteorum
411 2353 465 2437 qui
492 2354 547 2432 [si]
572 2374 589 2416 e
612 2351 723 2415 labore
751 2350 873 2415 febrem
897 2350 1021 2414 habent
1044 2352 1119 2414 ada-

66 2463 90 2504 ia
104 2445 246 2526 portum·
267 2461 300 2505 os
332 2442 440 2506 umido
473 2441 589 2524 spiritu
622 2440 734 2504 erebro
774 2444 806 2504 et
838 2460 971 2521 corpore
1004 2438 1118 2504 aalide.

105 2530 231 2594 curatio
255 2533 373 2608 autem,
397 2552 471 2594 oum
488 2529 542 2594 hio
562 2533 612 2593 est
630 2529 772 2613 morbus,
790 2527 878 2593 haee.
915 2527 1172 2610 perfunditur23

105 2641 191 2702 aqua
220 2623 253 2683 et
280 2619 495 2704 perunguitur
525 2619 596 2683 oleo
625 2622 658 2682 et
680 2618 756 2682 vino
780 2615 957 2701 tepefacto,
985 2620 1017 2680 et
1039 2617 1118 2681 item

186 2829 311 2902 lquot]
332 2827 408 2896 quod
471 2827 652 2896 3subgrumi
715 2826 799 2896 lqui
816 2826 872 2880 iam
892 2826 967 2898 puri]
987 2828 1118 2896 quoniam
1176 2853 1180 2861 ·

102 2898 166 2970 pori
239 2905 272 2952 10
296 2899 397 2968 optimi
469 2906 501 2953 11
524 2899 691 2968 multiplexa
716 2897 877 2953 necessaria
905 2899 1064 2967 (multiplex
1086 2915 1118 2952 ae

102 2970 263 3037 necessaria
280 2972 352 3039 Pol.)
444 2967 502 3023 14
494 2989 524 3024 m
542 2970 685 3025 hominem
704 2970 743 3037 (in
761 2968 875 3023 homine
894 2971 1053 3039 apoprupbu
1076 2986 1118 3023 re-

103 3031 238 3110 centiora)
345 3060 432 3096 unum
451 3041 487 3094 ad
506 3058 589 3108 quem
692 3041 783 3095 altera
802 3057 873 3108 quae
978 3045 1010 3092 15
1029 3038 1118 3093 fastor

102 3119 137 3167 20
155 3111 266 3182 frigora
302 3118 336 3167 21
356 3119 407 3168 aut
425 3112 535 3183 contra]
555 3114 588 3166 ut
606 3110 776 3166 contrariam
795 3112 838 3178 (ut
856 3110 1027 3164 eontrarium
1045 3109 1117 3178 Pol)

103 3189 138 3238 25
158 3200 190 3238 os
209 3200 259 3238 om.

193 3384 209 3431 3
230 3377 354 3432 subrumi
372 3378 528 3433 Beroaldus
588 3383 621 3432 10
640 3376 728 3446 opimi
745 3377 890 3431 Iucundus
946 3380 979 3428 14
997 3374 1117 3439 alterum

102 3466 159 3517 quo
177 3449 323 3505 Iucundos
433 3453 466 3503 15
488 3449 651 3519 pastoratu
758 3454 791 3502 21
816 3449 866 3501 aut
888 3448 986 3502 eontra
1003 3447 1118 3516 propter

101 3521 211 3575 nnllam
230 3521 378 3576 Iuouudus
451 3525 486 3574 24
505 3519 670 3590 adapertum
690 3536 720 3574 os
740 3520 887 3576 Iucundos
