2452 3938
134 151 192 216 ’52
565 148 751 206 VARRONIS

152 300 238 360 stare
266 317 304 360 ex
333 295 463 359 aviariis
491 296 660 360 turdorum
688 317 725 361 ac
753 296 965 377 merularum,
989 294 1075 378 quod
1098 317 1168 359 non

152 385 258 450 solum
283 384 323 449 ad
347 405 462 469 agrum
485 385 575 467 utile,
600 384 776 449 sedetiam
801 384 842 448 ad
866 384 973 448 cibum
993 383 1040 446 ita
1058 383 1167 449 bubus

152 496 189 538 ac
213 473 326 551 sabae,
354 478 392 536 ut
417 473 500 537 fiant
527 473 675 557 pingues.
721 473 832 556 itaque
861 472 915 556 qui
946 471 1071 536 aviaria
1093 494 1168 537 con-

152 562 283 645 ducunt,
307 563 335 624 si
357 566 450 626 cavet
474 561 622 626 dominus
647 565 770 637 stercus
794 565 831 625 ut
852 559 1007 639 infundo
1026 566 1168 646 maneat,

151 650 285 716 minoris
304 650 498 734 conducunt,
516 672 613 734 quam
631 651 654 714 ii
674 650 789 734 quibus
808 649 841 712 id
864 648 995 715 accedit.
1033 647 1168 714 Cassius
1195 674 1207 715 s

153 739 328 804 secundum
347 739 569 803 columbinum
589 739 703 805 scribit
722 761 791 802 esse
813 737 967 820 hominis,
991 738 1092 803 tertio
1116 760 1167 803 ca·

123 828 284 911 aprinum
298 831 331 891 et
345 827 479 901 ovillum
494 831 526 891 et
541 827 711 910 asininum,
726 826 858 892 minime
872 826 993 891 bonum
1004 828 1169 911 equinum,

154 916 210 981 sed
233 917 267 980 in
291 919 431 1001 segetes:
455 915 489 978 in
508 919 604 998 prata
623 916 708 981 enim
727 917 779 980 vel
799 915 967 999 optimum,
989 919 1027 978 ut
1045 919 1169 980 cetera·

151 1028 223 1070 rum
237 1007 465 1087 veterinarum,
484 1026 566 1088 quae
584 1004 706 1070 hordeo
724 1007 909 1088 pascuntur,
929 1003 1014 1087 quod
1028 1003 1169 1068 multam

150 1093 233 1158 facit
264 1092 409 1158 herbam.
469 1092 669 1157 stercilinum
702 1093 876 1158 secundum
907 1093 1021 1157 villam
1060 1092 1207 1158 facerem

152 1184 291 1264 oportet,
316 1185 473 1265 utquam
497 1181 702 1264 paucissimis
726 1182 832 1264 operis
856 1183 1016 1265 egeratur.
1061 1182 1096 1246 in
1121 1203 1169 1263 eo,

153 1273 181 1334 si
200 1270 234 1333 in
254 1270 358 1334 medio
377 1269 512 1334 robusta
532 1271 640 1353 aliqua
658 1271 795 1335 materia
815 1270 858 1333 sit
877 1270 1023 1354 depacta,
1045 1276 1170 1355 negant

154 1361 339 1441 serpentem
362 1357 461 1422 nasci.

80 1460 197 1516 XXXIX
243 1445 386 1512 Sationis
410 1450 519 1511 autem
543 1446 662 1531 gradus
686 1447 843 1511 secundus
866 1447 947 1510 haec
969 1446 1083 1510 habet:
1111 1469 1170 1511 na-

151 1540 225 1601 tura
259 1536 299 1600 ad
335 1537 421 1620 quod
449 1540 577 1618 tempus
606 1538 760 1620 cuiusque
789 1535 920 1600 seminis
951 1538 1029 1618 apta
1057 1537 1101 1599 sit
1130 1536 1170 1600 ad
1184 1559 1208 1600 rs

154 1625 332 1689 serendum.
369 1646 445 1688 nam
469 1625 568 1688 refert
590 1625 625 1687 in
649 1644 728 1708 agro
752 1624 793 1688 ad
817 1646 914 1709 quam
936 1627 1065 1707 partem
1089 1626 1170 1689 caeli

154 1714 288 1797 quisque
315 1713 404 1776 locus
435 1715 572 1795 spectet,
609 1713 654 1777 sic
682 1713 723 1777 ad
751 1713 837 1797 quod
864 1716 994 1796 tempus
1023 1734 1171 1798 quaeque

154 1822 206 1865 res
226 1799 380 1864 facillime
400 1803 534 1864 crescat.
560 1821 669 1866 nonne
687 1801 834 1866 videmus
853 1801 918 1865 alia
935 1801 1049 1866 florere
1068 1823 1170 1867 verno

156 1893 316 1972 tempore,
345 1888 411 1952 alia
439 1889 579 1973 aestivo,
605 1910 709 1973 neque
732 1890 843 1954 eadem
867 1889 1063 1973 autumnali,
1088 1912 1171 1975 quae

128 1977 321 2043 thiberno‘?
365 1977 474 2060 itaque
508 1977 574 2041 alia
606 1982 758 2042 seruntur
790 1982 887 2063 atque
918 1978 1105 2043 inseruntur
1138 1984 1171 2044 et
1184 2004 1207 2044 ao

157 2070 324 2131 metuntur
347 2069 422 2130 ante
446 2069 503 2131 aut
526 2070 602 2151 post
625 2089 722 2150 quam
746 2067 823 2150 alia3
863 2072 896 2131 et
918 2089 992 2132 eum
1013 2067 1171 2152 pleraque

156 2176 231 2229 vere
267 2177 365 2238 quam
403 2159 559 2219 autumno
591 2156 791 2239 inserantur,
830 2157 958 2220 circiter
989 2156 1172 2221 solstitium

128 2243 257 2310 3inseri
279 2243 358 2308 ficos
381 2265 528 2309 necnon
551 2244 754 2310 brumalibus
774 2243 885 2308 diebus
905 2265 1042 2309 cerasos.
1071 2267 1172 2329 quare

156 2355 228 2398 cum
252 2332 377 2397 semina
400 2332 467 2397 sint
489 2333 556 2397 fere
581 2336 734 2416 quattuor
756 2353 930 2418 generum,
956 2354 1034 2415 quac
1052 2339 1173 2399 acturo

155 2422 245 2501 dedit,
265 2443 346 2505 quae
365 2422 606 2486 transferuntur
624 2445 641 2486 e
660 2427 748 2486 terra
765 2424 801 2486 in
819 2427 940 2486 terram
958 2422 1033 2487 viva
1052 2422 1170 2507 radice,
1184 2444 1207 2487 as

156 2533 238 2595 quae
272 2532 311 2574 ex
344 2510 515 2576 arboribus
547 2511 679 2594 dempta
712 2511 925 2575 demittuntur
957 2511 992 2574 in
1023 2510 1171 2596 humum,

157 2599 450 2682 quae'inscruntur
478 2620 516 2662 ex
539 2599 711 2664 arboribus
734 2599 770 2663 in
794 2599 951 2684 arbores,
967 2599 1006 2663 da
1030 2600 1171 2685 singulis

155 2686 252 2750 rebus
275 2685 458 2770 videndum,
481 2708 564 2770 quae
588 2709 715 2772 quoque
737 2691 883 2775 tempore
906 2689 1041 2772 locoque
1060 2688 1171 2755 facias.

99 2790 146 2845 xl,
246 2773 391 2837 Primum
415 2796 542 2858 semen,
564 2776 650 2860 quod
674 2782 724 2840 est
738 2776 941 2860 principium
964 2777 1114 2862 genendi,
1137 2778 1172 2843 id

157 2862 288 2947 duplex,
316 2884 418 2926 unum
445 2864 531 2947 quod
561 2865 641 2928 latet
669 2868 819 2929 nostrum
852 2888 996 2950 sensum,
1030 2867 1170 2931 alterum
1183 2896 1209 2936 ao

245 3060 263 3108 4
282 3053 307 3108 si
325 3055 425 3109 caueto
513 3061 546 3110 14
563 3056 637 3110 hanc
655 3056 744 3112 habet
759 3058 889 3111 naturam
985 3061 1017 3109 1‘1
1037 3056 1075 3110 ad
1094 3057 1172 3127 quod

155 3143 284 3195 quaeque
302 3128 414 3196 tempus
433 3142 477 3180 res
564 3132 596 3182 18
608 3126 750 3209 facillime
770 3126 944 3196 (facilissime
958 3128 1086 3210 plurima
1104 3130 1171 3211 apo·

155 3199 328 3323 {poppppndi
382 3202 417 3251 24
436 3213 508 3266 quae
527 3200 628 3252 natura
653 3197 732 3253 dedrt
749 3215 799 3253 om.
908 3199 1170 3255 25u1uasrad1ces

247 3433 279 3482 17
300 3429 336 3483 ad
354 3428 431 3497 quod
449 3431 561 3497 tempus
581 3444 707 3496 quaeque
730 3444 774 3483 res
794 3428 941 3483 Iucundos
1048 3434 1085 3484 26
1102 3430 1171 3485 uiua

156 3497 250 3556 radice
269 3517 296 3554 m
367 3507 401 3555 29
420 3499 542 3568 genendi
560 3505 585 3555 ct
603 3504 646 3567 53,
665 3504 681 3553 5
701 3499 859 3567 genendum
873 3498 1010 3555 Victorius
1102 3540 1105 3544 -
