2452 3938
312 165 443 220 RERVM
456 163 695 222 RVSTICARVM
714 165 781 221 LIB.
796 166 821 221 II
841 173 875 222 10
1037 167 1102 230 115

81 311 249 395 mancipio
273 311 314 375 ab
338 331 376 375 eo
400 311 533 395 accepit,
557 333 577 375 a
600 333 663 394 quo
686 311 867 378 iure-civili
890 311 1009 397 potuit;
1046 315 1102 377 aut

81 401 112 465 si
135 401 171 464 in
194 401 263 464 iure
286 400 393 482 cessit,
417 399 473 483 qui
495 400 604 483 potuit
626 400 746 479 cedere,
770 403 803 464 et
825 400 859 464 id
879 400 935 464 ubi
954 403 1102 485 oportuit

79 490 183 573 [ubi];
225 492 281 552 aut
304 489 332 553 si
353 510 415 552 usu
439 489 538 572 cepit3
576 495 633 553 aut
661 490 690 554 si
713 511 731 553 e
754 489 875 574 praeda
899 489 959 554 sub
982 510 1102 555 corona

78 578 173 661 emit3
211 579 321 642 tumve
355 598 427 640 cum
460 577 495 641 in
522 578 616 642 bonis
641 576 822 643 sectioneve
852 579 942 643 ouius
972 578 1101 661 publice

58 666 193 732 ‚veniit
242 666 276 729 in
303 666 421 730 horum
450 667 615 750 emptione
644 667 730 732 solet
756 667 906 732 accedere
934 667 1127 751 peculium5

75 759 136 821 aut
159 754 262 838 excipi
285 759 318 819 et
341 755 509 838 stipulatio
533 756 739 837 intercedere,
762 778 878 821 sanum
897 764 977 841 esse,
999 755 1096 820 furtis

74 844 238 928 noxisque
261 844 417 925 solutum3
453 848 519 928 cut,
543 844 571 908 si
594 845 757 929 mancipio
780 866 847 910 non
870 845 974 928 datur,
998 845 1098 927 dupla
1121 852 1127 900 '-

74 932 240 1018 promitti,
261 936 327 1017 aut,
351 932 380 996 si
401 933 449 998 ita
470 933 568 1017 pacti,
592 934 719 1018 simpla.
756 934 846 998 cibus
871 954 982 998 eorum
1002 933 1098 999 debet

75 1042 151 1089 esse
169 1021 326 1086 interdius
345 1023 523 1104 separatim
541 1023 636 1087 unius
655 1023 808 1108 cuiusque
826 1021 962 1107 [gisnes]
978 1023 1096 1106 gregis,

58 1109 282 1194 »vespertinus
305 1110 340 1174 in
364 1131 452 1194 cena,
474 1111 530 1194 qui
554 1114 631 1176 sunt
654 1111 715 1175 sub
734 1133 799 1176 uno
818 1111 986 1196 magistro,
1009 1132 1096 1176 com·

74 1200 194 1264 munis.
244 1198 438 1283 magistrum
474 1199 642 1282 providere
675 1203 805 1283 oportet
838 1203 876 1264 ut
910 1199 1021 1264 omnia
1049 1220 1098 1265 se-

75 1292 221 1372 quantur
247 1288 478 1368 instrumenta,
506 1308 588 1370 quae
616 1288 724 1371 pecori
748 1292 781 1352 et
803 1288 991 1371 pastoribus
1014 1311 1097 1371 opus

76 1380 167 1460 sunt,
197 1377 336 1440 maxime
364 1375 404 1440 ad
433 1377 555 1440 victum
582 1375 751 1440 hominum
779 1378 812 1440 et
839 1376 880 1440 ad
903 1376 1098 1442 medicinam

75 1465 247 1550 pecudum.
298 1464 339 1529 ad
370 1485 468 1547 quam
499 1486 569 1528 rem
600 1464 724 1529 habent
755 1464 901 1529 iumenta
929 1465 1098 1529 dossuaria

58 1554 212 1636 adomim,
236 1554 291 1618 alii
314 1574 428 1637 equas,
452 1553 508 1618 alii
531 1575 591 1637 pro
614 1553 655 1617 iis
679 1552 756 1637 quid
780 1553 877 1636 aliut„
904 1553 990 1636 quod
1014 1574 1096 1617 onus

81 1643 181 1708 dosso
206 1642 291 1706 ferre
314 1643 428 1726 possit.

169 1729 262 1807 Quod
297 1731 338 1795 ad
364 1730 506 1795 feturam
537 1731 715 1796 humanam
745 1730 887 1815 pertinet
920 1733 1128 1815 pastorum,6

76 1820 135 1904 qui
153 1820 187 1884 in
205 1819 307 1884 fundo
327 1823 482 1903 perpetuo
502 1824 645 1898 manent,
668 1819 764 1884 facile
782 1823 841 1903 est,
864 1820 951 1904 quod
975 1819 1099 1884 habent

77 1929 271 1974 conservam
293 1909 328 1972 in
354 1909 444 1990 villa,
472 1930 531 1973 nec
557 1909 619 1973 hac
641 1930 743 1973 venus
766 1909 942 1992 pastoralis
965 1908 1096 1993 longius

58 1996 160 2081 »quid
182 1997 317 2080 quaerit
351 1998 407 2080 qui
427 2001 536 2062 autern
557 1998 661 2077 [sunt]
680 1998 714 2061 in
733 1997 872 2061 saltibus
892 2001 925 2061 et
944 1997 1098 2061 silvestri·

76 2086 141 2150 bus
169 2086 249 2151 locis
278 2089 415 2169 pascunt
443 2088 477 2150 et
503 2107 570 2149 non
592 2086 685 2168 villa,
718 2084 775 2149 sed
805 2086 890 2149 casis
920 2085 1097 2170 repentinis
1144 2139 1146 2143 .

76 2174 200 2239 imbres
223 2173 339 2256 vitant,
362 2174 402 2239 iis
427 2173 579 2239 mulieres
604 2173 787 2257 adiungere,
814 2195 897 2257 quae
921 2179 1098 2258 sequantur

78 2282 196 2348 greges
229 2284 267 2327 ac
295 2263 419 2327 cibaria
445 2262 633 2347 pastoribus
663 2261 838 2345 expediant
865 2283 985 2346 eosque
1015 2263 1098 2327 adsi·

77 2351 208 2416 duiores
230 2350 363 2434 faciant,
387 2351 466 2416 utile
490 2351 639 2415 arbitrati
662 2350 767 2414 multi.
795 2350 851 2415 sed
870 2371 924 2415 eas
943 2351 1125 2415 mulieres7

58 2460 152 2508 resse
175 2443 306 2523 oportet
327 2441 449 2523 firmas,
472 2461 538 2504 non
560 2442 682 2523 turpes,
706 2440 845 2523 quaein
868 2459 965 2522 opere
988 2438 1100 2502 multis

80 2523 275 2612 regionibus
304 2551 370 2594 non
403 2529 522 2594 cedunt
547 2527 639 2612 viris,
672 2530 711 2593 ut
739 2528 775 2592 in
808 2527 942 2611 Illyrico
975 2527 1099 2610 passim

82 2616 192 2682 videre
215 2617 302 2701 licet,
320 2618 407 2701 quod
430 2618 482 2683 vel
504 2638 637 2701 pascere
660 2637 757 2700 pecus
781 2617 833 2682 vel
857 2616 897 2681 ad
920 2616 1029 2682 focum
1048 2616 1101 2680 ad-

79 2704 168 2770 ferre
191 2705 283 2791 ligna
307 2728 344 2771 ac
368 2707 475 2772 cibum
499 2728 636 2790 coquere
659 2707 709 2771 vei
733 2706 773 2770 ad
793 2727 884 2772 cusas
903 2706 1101 2770 instrumen·
1136 2760 1138 2765 .

81 2797 155 2858 tum
180 2815 312 2860 servare
335 2798 480 2880 possunt.
528 2795 566 2859 de
589 2795 757 2860 nutricatu
779 2795 842 2860 hoc
866 2795 1132 2878 dico,.easdem8

74 2974 86 2988 “
172 2987 254 3043 toni
271 2987 367 3057 potius
441 2987 586 3056 6sannm]
607 3003 672 3040 sane
692 3003 755 3040 eum
829 2986 930 3054 ioqui
954 2989 1019 3040 sunt
1042 2987 1101 3054 (qui

78 3057 117 3112 sit
142 3057 182 3127 V)
276 3075 435 3113 communes
457 3057 528 3124 Pet,
548 3056 703 3110 communis
722 3072 816 3125 apopr.
891 3062 922 3110 12
943 3074 1013 3126 opus
1036 3059 1102 3110 sunt

77 3130 164 3198 (opus
184 3127 242 3183 sint
265 3129 304 3198 V)
332 3129 452 3198 mquid
478 3128 550 3182 aliut
574 3127 633 3196 (qui
658 3126 736 3181 aliud
759 3128 865 3196 apogr.)
939 3132 972 3181 16
991 3126 1101 3196 possint

78 3204 114 3254 20
136 3200 247 3268 quaeris
302 3206 337 3255 26
357 3201 459 3255 cedant

170 3375 255 3446 ‘equi
282 3357 377 3446 potuit
406 3375 542 3431 German
613 3374 662 3430 ubi
685 3371 811 3444 oportuit
833 3374 883 3427 aut
905 3372 930 3428 si
952 3373 1099 3428 Iucundos

77 3453 95 3503 6
117 3465 218 3521 sonum
237 3465 301 3503 eum
319 3463 414 3503 esecu
459 3447 581 3502 bunius
607 3446 740 3517 cuiusque
763 3444 858 3515 gregis
881 3461 928 3500 mo
978 3449 1011 3499 16
1032 3461 1099 3513 poe·

79 3518 120 3575 sit
141 3534 158 3574 v
231 3524 266 3574 20
285 3519 430 3588 quaerito
502 3524 536 3573 26
555 3517 659 3575 cedunt
681 3518 800 3574 Ursinus

900 3606 937 3660 8*
