2452 3938
325 159 457 216 Ruuvn
475 158 715 216 RVSTIGARVM
732 160 800 215 LIB.
814 160 841 213 Il
860 168 877 214 4
1065 159 1108 224 93

94 309 135 373 iis
160 306 303 372 animam
331 305 442 371 datam
466 326 536 370 esse
565 304 702 388 proinde
731 327 767 371 ac
792 306 906 388 salem,
937 301 1018 388 quae
1043 326 1109 368 ser-

94 401 187 461 varet
210 416 349 459 carnem.
387 417 404 459 e
428 394 500 479 quis
526 393 685 458 succidias
709 391 798 458 Galli
822 395 963 478 optimas
987 397 1020 457 ct
1042 415 1109 456 ma·

94 485 199 550 ximas
231 483 338 549 facere
369 485 573 548 consuerunt.
619 483 814 566 optimarum
845 483 990 567 ignum,
1023 481 1108 564 quod

96 573 197 638 etiam
211 594 295 637 nunc
309 572 480 657 quotannis
497 593 514 634 e
529 569 636 635 Gallia
653 571 865 654 adportentur
884 569 1021 634 Romam
1039 590 1109 652 per-

69 683 158 726 snae
182 661 376 726 Comacinae
401 662 434 724 et
455 659 600 725 Oavarae
629 664 661 723 et
688 663 868 743 petasones.
914 658 953 723 de
983 659 1160 742 magni-11

94 749 208 815 tudine
232 749 423 833 gallicarum
447 747 661 813 succidiarum
681 746 764 813 Cato
784 748 898 812 scribit
917 747 968 811 his
992 747 1110 829 verbis,

95 838 143 903 ‘in
166 837 264 903 Italia
287 836 443 902 Insubres
466 841 560 902 terna
584 839 681 921 atquc
705 839 862 921 quaterna
884 835 974 900 milia
993 835 1109 916 [aulia]

95 925 313 992 succidiarum
338 925 463 1008 sallere,
487 946 661 1009 aususque
681 926 760 990 adeo
779 924 1008 1010 pinguitudine
1027 945 1110 988 cres-

95 1036 168 1081 cere
193 1016 286 1097 solet,
308 1019 345 1079 ut
369 1035 403 1078 se
421 1015 493 1097 ipsa
512 1017 601 1078 stans
621 1015 781 1078 sustinere
800 1035 866 1078 non
884 1013 990 1096 possit
1006 1033 1110 1097 neque

58 1126 82 1167 ro
94 1103 248 1188 progredi
272 1123 419 1186 usquam.
455 1102 566 1186 itaque
589 1124 643 1167 eas
668 1102 769 1186 siquis
794 1124 856 1186 quo
876 1102 1012 1165 traicere
1031 1101 1110 1183 uolt,

96 1195 133 1258 in
156 1193 340 1276 plaustrum
363 1187 512 1274 inponit.⁹
547 1191 582 1254 in
604 1190 766 1273 Hispania
786 1191 939 1255 ulteriore
962 1189 997 1253 in
1020 1188 1111 1253 Lusi·

96 1282 188 1347 tania
218 1279 396 1361 [ulteriore]
426 1301 579 1344 sussum
609 1281 696 1344 esset
724 1279 862 1362 occisus,
891 1277 1013 1343 Atilius
1036 1277 1111 1342 His·

99 1368 277 1453 paniensis,
300 1367 433 1431 minime
457 1367 595 1431 mendax
618 1371 652 1431 et
670 1367 846 1431 multarum
863 1387 969 1430 rerum
988 1368 1111 1449 peritus

98 1460 132 1522 in
153 1457 308 1538 doctrina,
332 1456 460 1520 dicebat
477 1454 513 1520 L.
532 1453 708 1522 Volumnio
728 1455 869 1519 senatori
887 1454 1022 1517 missam
1042 1475 1112 1517 esse

59 1568 84 1608 15
99 1545 233 1610 offulam
266 1567 339 1610 cum
371 1543 495 1609 duabus
528 1544 642 1628 costis,
680 1565 762 1628 quae
794 1542 948 1628 penderet
979 1545 1047 1605 tres
1081 1546 1113 1604 et

97 1634 218 1720 viginti
246 1632 368 1717 pondo,
401 1634 531 1716 eiusque
561 1632 628 1696 suis
657 1655 676 1697 a
706 1637 778 1696 cute
806 1632 847 1696 ad
875 1653 911 1696 os
938 1629 1052 1715 pedem
1081 1636 1113 1694 et

99 1732 169 1788 tres
189 1722 308 1806 digitos
326 1721 434 1786 fuisse.
463 1719 524 1786 Oui
543 1740 614 1806 ego,
632 1720 707 1787 Non
725 1721 833 1785 minus
852 1742 904 1785 res
925 1718 1113 1784 admiranda
1125 1727 1165 1784 12

99 1833 173 1876 cum
196 1809 241 1874 mi
264 1813 351 1874 esset
374 1809 460 1874 dicta
487 1809 522 1873 in
544 1809 699 1889 Arcadia,
727 1811 794 1875 scio
827 1831 877 1874 me
900 1809 965 1873 isse
989 1813 1114 1892 speeta-

98 1904 170 1965 tum
194 1919 297 1982 suem,
324 1919 407 1982 quae
434 1920 512 1980 prae
540 1898 765 1984 pinguitudine
782 1899 899 1964 carnis
929 1918 994 1961 non
1018 1897 1114 1960 modo

59 2011 86 2051 ao
101 2007 235 2072 surgere
253 2007 319 2051 non
337 1993 457 2071 posset,
481 1986 537 2052 sed
556 1987 654 2052 etiam
673 1990 710 2051 ut
728 1987 762 2050 in
782 1988 851 2050 eius
870 2005 1003 2067 corpore
1021 1995 1114 2048 'sorex

100 2097 197 2143 exesa
219 2097 315 2141 carne
338 2075 449 2140 nidum
473 2074 603 2139 fecisset
626 2079 659 2139 et
681 2074 860 2158 peperisset
890 2095 1006 2137 mures.
1052 2072 1115 2137 hoc

100 2166 200 2230 etiam
223 2165 258 2229 in
281 2166 303 2244 †
325 2164 435 2227 vineta
456 2163 580 2227 factum
604 2163 723 2246 accepi.

190 2250 253 2318 Sus
276 2252 318 2322 ad
340 2252 479 2316 feturam
503 2272 586 2335 quae
610 2250 653 2314 sit
674 2250 819 2332 fecunda,
850 2249 1166 2314 animadvertunt13

99 2342 169 2407 fere
182 2416 186 2426 .
200 2363 241 2406 ex
271 2341 378 2424 primo
410 2343 520 2424 partu,
552 2339 637 2422 quod
664 2360 729 2403 non
756 2339 894 2402 multum
922 2337 956 2401 in
983 2337 1116 2420 reliquis

60 2452 87 2494 rs
101 2433 216 2496 mutat.
261 2430 296 2493 in
319 2429 499 2512 nutricatu,
528 2449 622 2511 quam
651 2425 910 2511 porculationem
940 2424 1116 2508 appellant,

102 2519 190 2584 binis
213 2517 378 2582 mensibus
401 2538 516 2601 porcos
540 2515 651 2580 sinunt
670 2537 741 2581 cum
761 2515 935 2597 matribus3
968 2513 1117 2595 secundo,

103 2608 171 2689 [ea]
206 2628 278 2672 eum
311 2607 376 2670 iam
403 2606 494 2689 pasci
521 2608 672 2690 possunt,
705 2609 883 2669 secernunt
929 2601 1032 2686 porci,
1062 2601 1118 2685 qui

193 2786 211 2834 4
229 2780 382 2835 etiamnum
401 2779 476 2847 qnod
495 2780 576 2832 annis
667 2782 683 2832 5
709 2777 867 2832 comatinae
958 2775 1118 2846 petasiones

103 2850 290 2922 tlnsnbres]
318 2850 488 2905 inserebas
564 2848 734 2904 8succidia
760 2864 826 2903 uere
853 2865 899 2902 sus
979 2852 1013 2901 10
1040 2846 1119 2902 uolet

104 2927 138 2977 11
158 2921 296 2991 plastrum
362 2925 396 2974 14
413 2919 558 2975 ualumnio
579 2920 733 2989 (uolnmnio
758 2920 800 2989 V)
865 2925 897 2974 15
917 2916 1015 2988 costis]
1031 2916 1117 2973 coctis

104 3000 139 3048 18
157 2992 227 3064 isse]
247 3009 307 3047 esse
379 2997 413 3046 25
432 2990 617 3062 appellabant

195 3158 213 3206 4
238 3149 325 3207 etiam
348 3167 460 3205 nuncu
532 3156 549 3205 5
568 3149 729 3205 comacinas
754 3148 898 3203 Turnebus
920 3150 1034 3206 advers·
1047 3151 1078 3213 4,
1102 3151 1119 3200 6

126 3223 257 3279 etasones
276 3221 455 3278 Schneidrrus
505 3228 520 3277 ‘1
540 3222 569 3276 in
587 3219 672 3276 ltalia
691 3220 819 3274 Insubres
841 3219 998 3273 Turnebus:
1016 3216 1047 3270 in
1064 3218 1119 3271 Ita·

104 3242 176 3349 liam
194 3294 325 3348 Insubres
338 3294 420 3347 terna
438 3293 523 3360 atque
537 3294 675 3361 quaterna
687 3289 767 3344 milia
781 3288 968 3344 succidiamm
981 3287 1120 3342 advehere

106 3365 252 3420 Iordunus
266 3363 362 3420 Oeten.
380 3363 479 3433 fragm.
496 3380 524 3431 p.
539 3368 573 3416 11
617 3363 732 3418 roualt
756 3362 892 3416 Victorius
935 3365 968 3413 12
987 3358 1120 3412 ulteriore

105 3436 371 3491 deleuitIuarndus
453 3437 486 3488 15
505 3432 625 3490 costiss
707 3439 739 3488 18
757 3432 812 3486 isse
837 3431 953 3486 Ursinus
1039 3434 1073 3483 22
1092 3429 1121 3484 in

107 3505 229 3562 Venetia
251 3506 390 3562 Victorius
407 3509 433 3560 et
451 3504 574 3575 Scaliger
646 3509 679 3558 25
699 3503 846 3573 appellant
868 3503 986 3559 Ursinus
1083 3509 1094 3521 '
