2452 3938
477 175 684 232 PRAEFATIO
1043 177 1097 232 VII

78 326 161 391 tiani
182 328 216 387 et
235 321 376 386 editione
395 321 533 386 Victorii
551 321 586 385 in
604 324 711 384 vetere
731 320 839 385 codice
859 321 980 405 scripta
996 322 1096 388 fuisse

75 414 161 478 mihi
192 411 372 495 apparebat
398 431 565 494 ponerem,
610 410 667 474 ubi
696 431 777 492 opus
806 430 876 472 esse
903 412 1010 474 visum
1039 417 1097 494 est,

76 502 310 567 dissentientes
329 499 480 563 Politiani
500 505 533 562 et
552 498 813 583 apographorum
831 498 987 562 lectiones
1006 501 1097 564 uncis

75 591 223 657 inclusas
254 587 359 652 addidi
389 588 454 669 vel,
482 587 539 650 ubi
562 588 670 651 minus
694 591 819 650 certum
842 587 995 651 iudicium
1020 595 1097 673 erat,

75 686 254 762 utramque
281 676 453 740 lectionem
481 675 572 740 iuxta
599 675 703 759 posui.
744 676 778 737 in
806 697 870 758 quo
899 698 937 739 ea
965 697 1047 760 quae
1079 699 1098 741 a

76 767 246 833 Politiano
274 765 309 828 in
335 764 481 848 principe
510 764 651 829 editione
679 767 807 826 mutata
834 785 900 828 non
928 769 1022 828 erant
1046 766 1099 829 ad-

79 856 205 938 scripta
233 853 263 918 V
293 853 416 933 littera,
451 874 532 937 quae
565 874 603 916 ex
637 852 745 917 codice
776 851 989 917 adnotaverat
1020 858 1099 919 nota

78 944 224 1010 nominis
247 941 313 1006 Pol.
336 940 526 1025 significavi.
573 963 770 1024 quamquam
792 962 896 1024 neque
920 942 1038 1026 omnia,
1064 944 1098 1007 in

81 1033 203 1118 quibus
231 1053 250 1095 a
274 1029 438 1093 Politiano
467 1029 656 1093 testimonia
684 1030 947 1114 apographorum
975 1030 1099 1094 dissen-

81 1121 222 1200 tiebant,
254 1119 425 1200 adnotavi,
458 1118 513 1181 scd
544 1119 661 1196 multa,
693 1118 727 1180 in
756 1119 873 1201 quibus
907 1119 1098 1184 manifestus

88 1213 159 1272 erat
180 1207 332 1272 Politiani
356 1206 408 1270 vel
436 1207 642 1270 librariorum
667 1227 774 1284 error,
805 1207 916 1290 omisi,
938 1229 1041 1291 neque
1064 1209 1098 1272 in

89 1296 154 1378 his,
175 1294 344 1380 inquibus
368 1299 537 1378 utramque
564 1294 735 1358 lectionem
753 1296 857 1378 posui,
881 1317 1006 1379 causae,
1029 1297 1099 1380 qui-

90 1384 151 1448 bus
177 1387 355 1448 commotus
384 1382 534 1446 alterutri
561 1383 749 1447 testimonio
776 1384 931 1447 maiorem
961 1386 1099 1450 auctori-

48 1506 52 1510 ·
84 1475 187 1536 tatem
210 1472 389 1556 tribuerim,
412 1470 550 1534 indicari
572 1474 755 1554 potuerunt.

171 1559 422 1624 Emendationis
446 1559 553 1624 studia
582 1559 808 1643 antiquissima
837 1557 872 1622 in
895 1558 1043 1623 Parisino
1068 1565 1101 1625 et

83 1649 118 1712 in
139 1648 287 1713 Mediceo
312 1648 420 1712 codice
445 1655 611 1731 apparent.
657 1647 682 1711 ii
710 1648 893 1712 enimcum
919 1649 1100 1731 saepedis-
1172 1710 1177 1719 ,

83 1737 299 1802 sentientibus
326 1738 458 1820 reliquis
487 1737 579 1801 libris
607 1738 691 1800 inter
719 1759 753 1800 se
782 1737 1002 1819 consentiant,
1030 1743 1101 1802 tum

79 1847 198 1910 pauca,
218 1846 300 1908 quae
318 1825 353 1888 in
371 1825 438 1889 illis
459 1830 613 1908 corrupta
632 1829 718 1909 sunt,
741 1825 913 1890 emendata
931 1827 1100 1910 exhibent3

80 1916 118 1979 in
147 1913 221 1977 aliis
252 1935 334 1978 unus
366 1913 528 1977 Mediceus
560 1916 660 1979 codex
692 1914 896 1978 emendatam
928 1914 1100 1979 lectionem

81 2004 232 2087 praebet.
277 2023 315 2066 ea
347 2004 457 2066 omnia
489 2003 592 2086 igitur
624 2024 697 2067 oum
728 2002 776 2065 ita
808 2006 996 2085 comparata
1027 2004 1101 2086 sint,

81 2097 121 2155 ut
145 2089 332 2155 coniectura
354 2090 450 2154 facile
472 2091 606 2155 inveniri
624 2092 799 2175 potuerint,
822 2112 888 2155 non
908 2113 947 2154 ex
966 2092 1101 2174 antiqua

84 2181 294 2263 incorruptae
319 2179 498 2262 scripturae
522 2180 678 2244 memoria
701 2180 884 2262 repetenda,
908 2180 963 2244 sed
994 2202 1101 2244 emen-

88 2266 225 2331 dationis
262 2267 369 2330 studio
396 2268 570 2332 tribuenda
598 2289 667 2331 esse
696 2267 776 2332 dice.
809 2290 897 2351 vnam
925 2290 964 2332 ex
992 2269 1101 2333 arche-

51 2392 55 2396 ·
85 2359 165 2438 typo
193 2356 273 2419 olim
300 2356 428 2420 videtur
456 2356 683 2440 apographum
716 2377 789 2418 oum
820 2356 1101 2421 emendationibus

87 2443 252 2506 nonnullis
275 2446 393 2508 veteris
418 2446 597 2527 scripturae
618 2443 742 2507 factum
767 2465 849 2525 esse,
879 2465 917 2507 ex
942 2466 1102 2527 quocum

85 2531 202 2595 deinde
234 2535 401 2616 tamquam
434 2554 472 2597 ex
500 2531 664 2598 communi
691 2533 783 2596 fonte
811 2536 844 2596 et
872 2532 1039 2597 Parisinus
1071 2537 1103 2597 et

87 2618 251 2684 Medioeus
279 2620 517 2703 derivarentur,
546 2643 584 2686 ea
612 2643 693 2705 quae
724 2622 758 2685 in
781 2621 838 2686 illo
864 2621 986 2705 scripta
1009 2626 1103 2687 erant

90 2704 129 2768 ad
149 2709 318 2794 utrumque
337 2710 457 2773 librum
476 2715 659 2794 propagata
678 2714 768 2792 sunt,
786 2712 819 2774 in
834 2709 976 2774 Medieeo
995 2716 1103 2775 autem

88 2793 196 2860 codice
232 2798 518 2882 neglegentissime
552 2798 671 2881 scripto
704 2803 736 2862 et
768 2799 917 2882 plurimis
950 2800 1102 2883 gravissi-

89 2883 212 2966 misque
254 2886 559 2969 interpolationibus
596 2887 772 2968 depravato
806 2888 909 2951 multa
941 2892 1103 2972 corrupta,

87 2972 247 3053 quaedam
274 2978 384 3037 tamen
411 2980 498 3039 recte
529 2976 808 3067 emendatasupt,
832 2996 915 3059 quae
939 2978 1103 3059 adscripta

86 3079 118 3123 m
140 3060 254 3124 littera
277 3060 427 3127 indicavi.

177 3149 269 3213 Editi
297 3155 373 3213 sunt
402 3150 561 3216 Varronis
593 3152 669 3215 libri
703 3174 768 3215 una
800 3174 873 3216 cum
905 3152 1103 3234 reliquorum

88 3235 285 3319 scriptorum
314 3239 352 3302 de
381 3262 415 3303 re
443 3242 566 3304 rustica
594 3239 686 3304 libris
717 3242 858 3324 primum
882 3241 1017 3305 a.1472
1040 3240 1103 3306 Ve-

89 3324 185 3388 netiis
202 3327 288 3407 apud
302 3327 475 3392 Nicolaum
489 3327 675 3410 Iensonum,
689 3329 741 3393 cui
755 3327 892 3392 editioni
911 3326 1103 3413 Georgius

89 3409 238 3478 Merula
265 3416 415 3499 praefuit.
459 3416 502 3488 is-
523 3418 670 3500 quamvis
704 3438 830 3481 summa
862 3415 995 3481 licentia
1026 3440 1103 3482 usus

89 3500 132 3564 sit
159 3506 192 3565 et
220 3503 361 3585 plurima
388 3509 509 3568 temere
539 3506 729 3589 mutaverit,
752 3510 863 3569 tamen
885 3506 998 3589 multa,
1021 3529 1103 3591 quae
