2452 3938
216 164 347 220 RERVM
364 164 602 222 RVSTIOARVM
620 167 687 222 ΗΒ.
706 168 744 222 111
765 175 869 224 10-12
980 171 1043 236 149

29 311 76 376 sic
97 309 184 374 enim
202 310 310 376 cibum
329 311 469 395 capiunt.
506 333 617 377 omnes
639 314 781 396 parietes
803 314 940 379 tectorio
966 316 1073 382 levi-3

28 403 163 486 gantur,
192 421 233 464 nc
260 399 361 464 faeles
390 401 493 465 aliave
522 422 603 485 quae
631 403 737 466 bestia
763 403 901 467 introire
924 402 965 467 ad
987 425 1043 469 no·

27 488 165 554 cendum
193 489 313 572 possit,
340 489 436 574 idque
463 493 612 573 saeptum
639 493 745 555 totum
773 495 842 556 rete
866 491 1043 575 grandibus

26 575 165 642 maculis
192 576 364 663 integitur,
390 599 431 642 ne
460 600 498 643 eo
524 579 670 644 involare
697 580 808 665 aquila
835 580 942 665 possit
963 601 1044 646 neve

10 663 94 753 .[ea]
125 665 253 730 evolare
281 688 369 730 anas.
413 667 569 750 pabulum
595 668 636 732 iis
665 668 760 733 datur
782 669 943 754 triticum,
969 669 1044 735 hor-

26 755 137 837 deum,
165 754 303 838 vinacei,
332 756 441 837 [uvae]
469 777 535 822 non
562 779 736 841 numquam
767 757 866 822 etiam
897 778 936 822 ex
960 781 1044 842 aqua

26 843 184 909 cammari
208 846 241 907 et
263 843 420 926 quaedam
444 839 623 911 eiusmodi
646 845 811 932 aquatilia.
848 868 930 930 quae
953 847 987 911 in
1005 868 1043 912 eo

26 935 142 1015 saepto
175 936 269 996 erunt
299 933 454 1017 piscinae,
486 934 520 999 in
551 956 606 1000 eas
639 956 757 1019 aquam
788 935 879 1021 large
910 935 1043 1000 influere

27 1023 169 1105 oportet,
192 1023 228 1084 ut
251 1042 378 1104 semper
400 1043 511 1087 recens
535 1022 586 1087 sit.

10 1144 12 1161 ›
119 1107 202 1174 Sunt
227 1109 306 1173 item
333 1132 400 1175 non
428 1109 598 1175 dissimilia
627 1111 692 1176 alio
721 1133 853 1197 genera,
887 1115 924 1176 ut
951 1119 1074 1197 quer-4

27 1197 198 1284 quedulae,
220 1197 415 1282 phalerides,
439 1199 485 1264 sic
507 1200 775 1284 perdices,·quae,
804 1206 842 1265 ut
864 1200 1043 1266 Archelaus

27 1287 156 1371 scribit,
180 1308 257 1352 voce
280 1287 379 1352 maris
404 1288 515 1353 audita
538 1288 731 1372 concipiunt.
778 1311 868 1374 quae,
891 1293 928 1354 ut
951 1312 1044 1375 supe-

25 1376 142 1461 riores,
164 1397 273 1460 neque
290 1380 424 1460 propter
447 1376 676 1442 fecunditatem
694 1398 799 1461 neque
817 1382 952 1460 propter
971 1401 1045 1443 sua-

27 1466 166 1530 vitatem
188 1465 379 1549 saginantur
396 1466 488 1531 etsie
506 1465 667 1550 pascendo
686 1465 771 1530 fiunt
787 1466 937 1548 pingues
959 1465 1045 1549 quod

10 1554 70 1618 ‚ad
104 1553 318 1618 villaticarum
351 1555 536 1638 pastionum
568 1555 708 1639 primum
742 1559 851 1620 actum
883 1554 1044 1637 pertinere

28 1665 102 1707 sum
125 1644 226 1728 ratus,
248 1642 322 1708 dixi.

120 1730 248 1795 Interea
265 1731 348 1796 redit
366 1730 502 1816 Appius,
526 1735 558 1796 et
576 1733 760 1816 percontati
782 1754 842 1797 nos
865 1732 907 1796 ab
930 1732 988 1796 illo
1008 1735 1098 1799 etXII

28 1820 86 1884 ille
115 1841 135 1884 a
162 1820 272 1903 nobis,
300 1820 376 1904 quid
405 1825 491 1886 esset
520 1821 642 1887 dictum
670 1843 707 1886 ac
729 1821 861 1887 factum.
908 1821 1045 1905 Appius,

29 1907 196 1992 Sequitur,
229 1909 350 1994 inquit,
380 1913 470 1974 actus
498 1911 630 1976 secundi
653 1911 780 1997 generis
804 1910 981 1974 adficticius
1005 1910 1045 1973 ad

10 1997 145 2062 >villam
170 1998 224 2080 qui
245 1998 332 2062 solet
356 2020 436 2077 esse,
466 2021 503 2063 ac
525 2000 654 2063 nomine
678 1999 785 2062 antico
809 2021 829 2062 a
851 2001 944 2080 parte
968 2018 1045 2081 qua·

30 2086 107 2150 dam
126 2086 323 2169 leporarium
342 2087 550 2170 appellatum.
577 2109 654 2157 nam
671 2108 776 2169 neque
795 2087 897 2149 solum
916 2087 1045 2169 lepores

29 2175 66 2238 c'a
95 2195 132 2237 eo
156 2174 364 2239 includuntur
387 2175 482 2258 silva,
508 2178 546 2239 ut
573 2175 650 2239 olim
673 2174 708 2238 in
731 2175 844 2258 iugero
869 2175 967 2258 agelli
990 2178 1047 2240 aut

30 2262 168 2346 duobus,
186 2264 241 2328 sed
263 2263 362 2327 etiam
377 2263 462 2328 cervi
477 2266 534 2327 aut
547 2284 681 2346 capreae
695 2263 729 2327 in
742 2263 910 2349 iugeribus
925 2264 1046 2327 multis.

32 2349 172 2426 Quintus
204 2351 336 2416 Fulvius
364 2351 522 2436 Lippinus
555 2351 672 2415 dicitur
700 2350 820 2415 habere
848 2351 883 2414 in
910 2351 1046 2435 Tarqui-

10 2440 140 2504 sniensi
164 2443 278 2524 saepta
301 2441 413 2525 iugera
435 2440 661 2525 quadraginta,
684 2441 717 2504 in
741 2461 804 2525 quo
829 2443 905 2504 sunt
922 2439 1061 2502 inclusa

32 2549 99 2593 non
125 2530 229 2593 solum
254 2551 292 2593 ea
315 2552 396 2614 quae
420 2529 499 2611 dixi,
523 2530 578 2594 sed
602 2529 701 2593 etiam
725 2550 800 2593 oves
823 2527 924 2612 ferae,
947 2526 1046 2591 etiam

31 2617 96 2681 hoc
119 2618 223 2681 maius
247 2617 300 2682 hic
323 2619 358 2683 in
380 2617 581 2683 Statoniensi
605 2620 638 2683 et
656 2618 788 2702 quidam
807 2618 840 2681 in
859 2617 939 2681 locis
959 2615 1046 2699 aliis3

31 2705 66 2768 in
92 2703 200 2769 Gallia
224 2728 300 2771 vero
323 2707 529 2791 transalpina
552 2706 588 2771 T.
607 2705 780 2790 Pompeius
802 2709 931 2771 tantum
955 2711 1076 2788 saep-2

29 2795 104 2857 tum
127 2794 318 2877 venationis,
340 2800 376 2860 ut
400 2796 527 2860 circiter
549 2817 589 2859 00
608 2817 648 2859 00
667 2816 707 2858 00
725 2817 766 2858 oo
788 2817 920 2880 passum
938 2795 1046 2860 locum

10 2881 194 2945 »inclusum
216 2880 345 2947 habeat
389 2887 557 2968 praeterea
588 2885 622 2948 in
645 2885 757 2950 eodem
782 2886 956 2967 consaepto
979 2883 1046 2948 fere

28 2967 152 3034 habere
178 2967 284 3030 solent
307 2969 359 3050 [de
383 2971 594 3052 animalibus]
624 2973 774 3038 cocliaria
803 2976 899 3056 atque
923 2970 1047 3053 alvaria

31 3061 130 3139 atque
154 3053 252 3117 etiam
276 3055 373 3141 dolia,
395 3057 452 3121 ubi
475 3058 617 3123 habeant
640 3062 808 3132 conclusos
834 3061 943 3143 glires.
990 3057 1046 3121 sed

124 3236 138 3284 7
158 3227 297 3300 gemmati
386 3235 420 3284 20
447 3231 562 3298 antiquo
587 3229 691 3299 (antico
716 3231 774 3286 cod.
793 3231 873 3298 Por.)
964 3235 998 3283 22
1017 3227 1047 3282 in

33 3305 97 3357 aare
116 3318 148 3356 eo
167 3317 217 3356 om.
290 3305 324 3355 25
343 3300 468 3356 inclusae

123 3451 139 3499 6
158 3459 229 3498 uvae
248 3443 346 3498 delevit
365 3444 518 3500 Pontedera
532 3461 563 3515 p.
577 3448 632 3500 454
722 3449 755 3498 22
782 3442 812 3497 in
836 3459 869 3499 eo
895 3442 955 3498 coa,
980 3399 1052 3495 l'ar.

34 3519 68 3569 25
97 3513 206 3569 inclusa
229 3515 375 3571 recuccus
465 3523 500 3574 31
529 3517 565 3574 de
593 3515 771 3573 animalrnus
787 3515 908 3571 tuclustt
926 3511 1077 3564 &caumas
