<?xml version="1.0" encoding="UTF-8"?>
<!DOCTYPE html PUBLIC "-//W3C//DTD XHTML 1.0 Transitional//EN"
    "http://www.w3.org/TR/xhtml1/DTD/xhtml1-transitional.dtd">
<html xmlns="http://www.w3.org/1999/xhtml" xml:lang="en" lang="en">
 <head>
  <title>
</title>
<meta http-equiv="Content-Type" content="text/html;charset=utf-8" />
  <meta name='ocr-system' content='tesseract 3.04.00' />
  <meta name='ocr-capabilities' content='ocr_page ocr_carea ocr_par ocr_line ocrx_word'/>
</head>
<body>
  <div class='ocr_page' id='page_1' title='image "./mterentivarroni00keilgoog/mterentivarroni00keilgoog_0051.png"; bbox 0 0 2452 3938; ppageno 0'>
   <div class='ocr_carea' id='block_1_1' title="bbox 136 112 733 177">
    <p class='ocr_par' dir='ltr' id='par_1_1' title="bbox 136 112 733 177">
     <span class='ocr_line' id='line_1_1' title="bbox 136 112 733 177; baseline 0.005 -11"><span class='ocrx_word' id='word_1_1' title='bbox 136 113 179 177; x_wconf 81' lang='lat'>36</span> <span class='ocrx_word' id='word_1_2' title='bbox 545 112 733 169; x_wconf 81' lang='lat' dir='ltr'><strong>VARRONIS</strong></span> 
     </span>
    </p>
   </div>
   <div class='ocr_carea' id='block_1_2' title="bbox 74 257 1191 2818">
    <p class='ocr_par' dir='ltr' id='par_1_2' title="bbox 137 257 1150 343">
     <span class='ocr_line' id='line_1_2' title="bbox 137 257 1150 343; baseline 0.002 -21"><span class='ocrx_word' id='word_1_3' title='bbox 137 280 209 322; x_wconf 87' lang='lat' dir='ltr'>ores</span> <span class='ocrx_word' id='word_1_4' title='bbox 232 257 339 322; x_wconf 84' lang='lat' dir='ltr'>fundo</span> <span class='ocrx_word' id='word_1_5' title='bbox 376 258 485 342; x_wconf 85' lang='lat' dir='ltr'>itaque</span> <span class='ocrx_word' id='word_1_6' title='bbox 504 263 637 341; x_wconf 87' lang='lat' dir='ltr'>propter</span> <span class='ocrx_word' id='word_1_7' title='bbox 654 259 714 323; x_wconf 88' lang='lat' dir='ltr'>has</span> <span class='ocrx_word' id='word_1_8' title='bbox 734 260 943 343; x_wconf 79' lang='lat' dir='ltr'>cognationes</span> <span class='ocrx_word' id='word_1_9' title='bbox 964 258 1150 342; x_wconf 73' lang='lat' dir='ltr'>Epiroticae</span> 
     </span>
    </p>

    <p class='ocr_par' dir='ltr' id='par_1_3' title="bbox 106 346 1190 786">
     <span class='ocr_line' id='line_1_3' title="bbox 106 346 1150 413; baseline -0.001 -1"><span class='ocrx_word' id='word_1_10' title='bbox 106 347 278 412; x_wconf 76' lang='lat' dir='ltr'>blamiliae</span> <span class='ocrx_word' id='word_1_11' title='bbox 303 350 379 411; x_wconf 89' lang='lat' dir='ltr'>sunt</span> <span class='ocrx_word' id='word_1_12' title='bbox 401 348 605 411; x_wconf 67' lang='lat' dir='ltr'>inlustriores</span> <span class='ocrx_word' id='word_1_13' title='bbox 625 369 663 411; x_wconf 87' lang='lat' dir='ltr'>ae</span> <span class='ocrx_word' id='word_1_14' title='bbox 681 348 830 412; x_wconf 90' lang='lat' dir='ltr'>cariores.</span> <span class='ocrx_word' id='word_1_15' title='bbox 866 346 1075 411; x_wconf 89' lang='lat' dir='ltr'>inliciendam</span> <span class='ocrx_word' id='word_1_16' title='bbox 1094 370 1150 413; x_wconf 86' lang='lat' dir='ltr'>vo-</span> 
     </span>
     <span class='ocr_line' id='line_1_4' title="bbox 136 436 1150 520; baseline 0.002 -22"><span class='ocrx_word' id='word_1_17' title='bbox 136 437 295 499; x_wconf 87' lang='lat' dir='ltr'>luntatem</span> <span class='ocrx_word' id='word_1_18' title='bbox 323 437 562 518; x_wconf 80' lang='lat' dir='ltr'>praefectorum</span> <span class='ocrx_word' id='word_1_19' title='bbox 584 436 706 500; x_wconf 89' lang='lat' dir='ltr'>honore</span> <span class='ocrx_word' id='word_1_20' title='bbox 731 437 838 520; x_wconf 91' lang='lat' dir='ltr'>aliquo</span> <span class='ocrx_word' id='word_1_21' title='bbox 868 436 1029 518; x_wconf 84' lang='lat' dir='ltr'>babendo,</span> <span class='ocrx_word' id='word_1_22' title='bbox 1052 440 1087 500; x_wconf 92' lang='lat' dir='ltr'>et</span> <span class='ocrx_word' id='word_1_23' title='bbox 1111 436 1150 500; x_wconf 94' lang='lat' dir='ltr'>de</span> 
     </span>
     <span class='ocr_line' id='line_1_5' title="bbox 136 523 1151 608; baseline 0.001 -20"><span class='ocrx_word' id='word_1_24' title='bbox 136 525 293 606; x_wconf 87' lang='lat' dir='ltr'>operariis</span> <span class='ocrx_word' id='word_1_25' title='bbox 318 526 373 608; x_wconf 90' lang='lat' dir='ltr'>qui</span> <span class='ocrx_word' id='word_1_26' title='bbox 396 526 611 608; x_wconf 87' lang='lat' dir='ltr'>praestabunt</span> <span class='ocrx_word' id='word_1_27' title='bbox 633 524 725 608; x_wconf 87' lang='lat' dir='ltr'>alios,</span> <span class='ocrx_word' id='word_1_28' title='bbox 750 523 1054 589; x_wconf 90' lang='lat' dir='ltr'>communicandum</span> <span class='ocrx_word' id='word_1_29' title='bbox 1074 547 1151 608; x_wconf 90' lang='lat' dir='ltr'>quo-</span> 
     </span>
     <span class='ocr_line' id='line_1_6' title="bbox 136 612 1190 698; baseline -0.002 -22"><span class='ocrx_word' id='word_1_30' title='bbox 136 636 197 696; x_wconf 92' lang='lat' dir='ltr'>que</span> <span class='ocrx_word' id='word_1_31' title='bbox 221 613 373 695; x_wconf 87' lang='lat' dir='ltr'>cumbis,</span> <span class='ocrx_word' id='word_1_32' title='bbox 397 636 480 698; x_wconf 89' lang='lat' dir='ltr'>quac</span> <span class='ocrx_word' id='word_1_33' title='bbox 504 613 652 678; x_wconf 87' lang='lat' dir='ltr'>facienda</span> <span class='ocrx_word' id='word_1_34' title='bbox 671 614 737 677; x_wconf 91' lang='lat' dir='ltr'>sint</span> <span class='ocrx_word' id='word_1_35' title='bbox 761 635 868 697; x_wconf 85' lang='lat' dir='ltr'>opera,</span> <span class='ocrx_word' id='word_1_36' title='bbox 892 612 988 695; x_wconf 83' lang='lat' dir='ltr'>quod,</span> <span class='ocrx_word' id='word_1_37' title='bbox 1011 615 1060 676; x_wconf 80' lang='lat' dir='ltr'>ita</span> <span class='ocrx_word' id='word_1_38' title='bbox 1079 635 1151 678; x_wconf 90' lang='lat' dir='ltr'>cum</span> <span class='ocrx_word' id='word_1_39' title='bbox 1179 633 1190 674; x_wconf 78' lang='lat' dir='ltr'>s</span> 
     </span>
     <span class='ocr_line' id='line_1_7' title="bbox 135 701 1151 786; baseline 0.002 -22"><span class='ocrx_word' id='word_1_40' title='bbox 135 703 181 782; x_wconf 88' lang='lat' dir='ltr'>fit,</span> <span class='ocrx_word' id='word_1_41' title='bbox 202 701 308 764; x_wconf 90' lang='lat' dir='ltr'>minus</span> <span class='ocrx_word' id='word_1_42' title='bbox 328 725 362 765; x_wconf 87' lang='lat' dir='ltr'>se</span> <span class='ocrx_word' id='word_1_43' title='bbox 381 706 499 786; x_wconf 85' lang='lat' dir='ltr'>putant</span> <span class='ocrx_word' id='word_1_44' title='bbox 514 701 636 786; x_wconf 86' lang='lat' dir='ltr'>despici</span> <span class='ocrx_word' id='word_1_45' title='bbox 652 705 748 785; x_wconf 90' lang='lat' dir='ltr'>atque</span> <span class='ocrx_word' id='word_1_46' title='bbox 764 703 872 784; x_wconf 92' lang='lat' dir='ltr'>aliquo</span> <span class='ocrx_word' id='word_1_47' title='bbox 887 722 1022 765; x_wconf 89' lang='lat' dir='ltr'>numero</span> <span class='ocrx_word' id='word_1_48' title='bbox 1037 701 1151 777; x_wconf 90' lang='lat' dir='ltr'>haberi</span> 
     </span>
    </p>

    <p class='ocr_par' dir='ltr' id='par_1_4' title="bbox 107 790 1191 1385">
     <span class='ocr_line' id='line_1_8' title="bbox 107 790 1152 873; baseline 0 -19"><span class='ocrx_word' id='word_1_49' title='bbox 107 799 155 854; x_wconf 86' lang='lat' dir='ltr'>7a</span> <span class='ocrx_word' id='word_1_50' title='bbox 179 791 318 854; x_wconf 88' lang='lat' dir='ltr'>dominc.</span> <span class='ocrx_word' id='word_1_51' title='bbox 365 792 576 855; x_wconf 87' lang='lat' dir='ltr'>studiosiores</span> <span class='ocrx_word' id='word_1_52' title='bbox 605 790 644 853; x_wconf 88' lang='lat' dir='ltr'>ad</span> <span class='ocrx_word' id='word_1_53' title='bbox 673 812 754 873; x_wconf 89' lang='lat' dir='ltr'>opus</span> <span class='ocrx_word' id='word_1_54' title='bbox 777 791 847 853; x_wconf 89' lang='lat' dir='ltr'>fieri</span> <span class='ocrx_word' id='word_1_55' title='bbox 874 790 1041 853; x_wconf 81' lang='lat' dir='ltr'>liberalius</span> <span class='ocrx_word' id='word_1_56' title='bbox 1065 794 1152 854; x_wconf 87' lang='lat' dir='ltr'>trac-</span> 
     </span>
     <span class='ocr_line' id='line_1_9' title="bbox 135 876 1153 961; baseline 0.001 -20"><span class='ocrx_word' id='word_1_57' title='bbox 135 876 245 942; x_wconf 88' lang='lat' dir='ltr'>tando</span> <span class='ocrx_word' id='word_1_58' title='bbox 260 882 318 943; x_wconf 90' lang='lat' dir='ltr'>aut</span> <span class='ocrx_word' id='word_1_59' title='bbox 340 879 472 944; x_wconf 91' lang='lat' dir='ltr'>cibariis</span> <span class='ocrx_word' id='word_1_60' title='bbox 497 883 553 942; x_wconf 86' lang='lat' dir='ltr'>aut</span> <span class='ocrx_word' id='word_1_61' title='bbox 576 878 698 943; x_wconf 85' lang='lat' dir='ltr'>vestitu</span> <span class='ocrx_word' id='word_1_62' title='bbox 720 879 862 961; x_wconf 88' lang='lat' dir='ltr'>largiore</span> <span class='ocrx_word' id='word_1_63' title='bbox 886 882 943 942; x_wconf 90' lang='lat' dir='ltr'>aut</span> <span class='ocrx_word' id='word_1_64' title='bbox 961 878 1153 942; x_wconf 86' lang='lat' dir='ltr'>remissione</span> 
     </span>
     <span class='ocr_line' id='line_1_10' title="bbox 136 966 1153 1050; baseline 0.001 -20"><span class='ocrx_word' id='word_1_65' title='bbox 136 968 243 1050; x_wconf 87' lang='lat' dir='ltr'>operis</span> <span class='ocrx_word' id='word_1_66' title='bbox 276 969 537 1048; x_wconf 64' lang='lat' dir='ltr'>concessionem,</span> <span class='ocrx_word' id='word_1_67' title='bbox 568 971 606 1029; x_wconf 91' lang='lat' dir='ltr'>ut</span> <span class='ocrx_word' id='word_1_68' title='bbox 637 968 798 1049; x_wconf 83' lang='lat' dir='ltr'>peculiare</span> <span class='ocrx_word' id='word_1_69' title='bbox 832 966 954 1049; x_wconf 87' lang='lat' dir='ltr'>aliquid</span> <span class='ocrx_word' id='word_1_70' title='bbox 986 966 1021 1029; x_wconf 92' lang='lat' dir='ltr'>in</span> <span class='ocrx_word' id='word_1_71' title='bbox 1052 966 1153 1031; x_wconf 90' lang='lat' dir='ltr'>fundo</span> 
     </span>
     <span class='ocr_line' id='line_1_11' title="bbox 135 1055 1191 1139; baseline -0.003 -21"><span class='ocrx_word' id='word_1_72' title='bbox 135 1076 267 1138; x_wconf 88' lang='lat' dir='ltr'>pascere</span> <span class='ocrx_word' id='word_1_73' title='bbox 296 1056 405 1139; x_wconf 84' lang='lat' dir='ltr'>liceat,</span> <span class='ocrx_word' id='word_1_74' title='bbox 432 1056 566 1119; x_wconf 89' lang='lat' dir='ltr'>huiusce</span> <span class='ocrx_word' id='word_1_75' title='bbox 593 1055 682 1118; x_wconf 88' lang='lat' dir='ltr'>modi</span> <span class='ocrx_word' id='word_1_76' title='bbox 711 1077 819 1118; x_wconf 89' lang='lat' dir='ltr'>rerum</span> <span class='ocrx_word' id='word_1_77' title='bbox 848 1056 936 1137; x_wconf 88' lang='lat' dir='ltr'>aliis,</span> <span class='ocrx_word' id='word_1_78' title='bbox 968 1058 1005 1119; x_wconf 91' lang='lat' dir='ltr'>ut</span> <span class='ocrx_word' id='word_1_79' title='bbox 1033 1056 1152 1138; x_wconf 90' lang='lat' dir='ltr'>quibus</span> <span class='ocrx_word' id='word_1_80' title='bbox 1168 1077 1191 1116; x_wconf 83' lang='lat' dir='ltr'>a</span> 
     </span>
     <span class='ocr_line' id='line_1_12' title="bbox 135 1144 1154 1227; baseline 0.002 -21"><span class='ocrx_word' id='word_1_81' title='bbox 135 1144 212 1226; x_wconf 90' lang='lat' dir='ltr'>quid</span> <span class='ocrx_word' id='word_1_82' title='bbox 245 1144 376 1224; x_wconf 86' lang='lat' dir='ltr'>gravius</span> <span class='ocrx_word' id='word_1_83' title='bbox 409 1144 453 1208; x_wconf 88' lang='lat' dir='ltr'>sit</span> <span class='ocrx_word' id='word_1_84' title='bbox 484 1144 679 1227; x_wconf 89' lang='lat' dir='ltr'>imperatum</span> <span class='ocrx_word' id='word_1_85' title='bbox 711 1150 767 1207; x_wconf 89' lang='lat' dir='ltr'>aut</span> <span class='ocrx_word' id='word_1_86' title='bbox 795 1144 1056 1209; x_wconf 86' lang='lat' dir='ltr'>animadversum</span> <span class='ocrx_word' id='word_1_87' title='bbox 1088 1144 1154 1227; x_wconf 84' lang='lat' dir='ltr'>qui,</span> 
     </span>
     <span class='ocr_line' id='line_1_13' title="bbox 135 1231 1152 1297; baseline -0.001 -1"><span class='ocrx_word' id='word_1_88' title='bbox 135 1231 334 1296; x_wconf 89' lang='lat' dir='ltr'>consolando</span> <span class='ocrx_word' id='word_1_89' title='bbox 358 1255 470 1296; x_wconf 87' lang='lat' dir='ltr'>eorum</span> <span class='ocrx_word' id='word_1_90' title='bbox 492 1234 644 1297; x_wconf 88' lang='lat' dir='ltr'>restituat</span> <span class='ocrx_word' id='word_1_91' title='bbox 666 1232 869 1297; x_wconf 79' lang='lat' dir='ltr'>voluntatem</span> <span class='ocrx_word' id='word_1_92' title='bbox 893 1254 931 1296; x_wconf 87' lang='lat' dir='ltr'>ae</span> <span class='ocrx_word' id='word_1_93' title='bbox 958 1232 1152 1297; x_wconf 78' lang='lat' dir='ltr'>benevolen-</span> 
     </span>
     <span class='ocr_line' id='line_1_14' title="bbox 134 1321 472 1385; baseline 0.009 -3"><span class='ocrx_word' id='word_1_94' title='bbox 134 1322 215 1383; x_wconf 87' lang='lat' dir='ltr'>tiam</span> <span class='ocrx_word' id='word_1_95' title='bbox 239 1322 271 1383; x_wconf 91' lang='lat' dir='ltr'>in</span> <span class='ocrx_word' id='word_1_96' title='bbox 296 1321 472 1385; x_wconf 87' lang='lat' dir='ltr'>dominum.</span> 
     </span>
    </p>

    <p class='ocr_par' dir='ltr' id='par_1_5' title="bbox 74 1408 1190 2200">
     <span class='ocr_line' id='line_1_15' title="bbox 74 1408 1153 1495; baseline -0.006 -16"><span class='ocrx_word' id='word_1_97' title='bbox 74 1422 168 1479; x_wconf 85' lang='lat' dir='ltr'><strong>XVIH</strong></span> <span class='ocrx_word' id='word_1_98' title='bbox 228 1408 275 1473; x_wconf 88' lang='lat' dir='ltr'>De</span> <span class='ocrx_word' id='word_1_99' title='bbox 294 1411 418 1474; x_wconf 90' lang='lat' dir='ltr'>familia</span> <span class='ocrx_word' id='word_1_100' title='bbox 437 1409 519 1475; x_wconf 81' lang='lat' dir='ltr'>Cato</span> <span class='ocrx_word' id='word_1_101' title='bbox 539 1409 657 1495; x_wconf 81' lang='lat' dir='ltr'>derigit</span> <span class='ocrx_word' id='word_1_102' title='bbox 676 1408 717 1473; x_wconf 89' lang='lat' dir='ltr'>ad</span> <span class='ocrx_word' id='word_1_103' title='bbox 737 1408 815 1472; x_wconf 89' lang='lat' dir='ltr'>duas</span> <span class='ocrx_word' id='word_1_104' title='bbox 831 1412 945 1491; x_wconf 88' lang='lat' dir='ltr'>metas,</span> <span class='ocrx_word' id='word_1_105' title='bbox 967 1408 1007 1472; x_wconf 92' lang='lat' dir='ltr'>ad</span> <span class='ocrx_word' id='word_1_106' title='bbox 1027 1413 1153 1473; x_wconf 90' lang='lat' dir='ltr'>certum</span> 
     </span>
     <span class='ocr_line' id='line_1_16' title="bbox 134 1497 1187 1584; baseline -0.002 -24"><span class='ocrx_word' id='word_1_107' title='bbox 134 1498 266 1562; x_wconf 89' lang='lat' dir='ltr'>modum</span> <span class='ocrx_word' id='word_1_108' title='bbox 290 1499 363 1584; x_wconf 87' lang='lat' dir='ltr'>agri</span> <span class='ocrx_word' id='word_1_109' title='bbox 386 1504 418 1564; x_wconf 93' lang='lat' dir='ltr'>et</span> <span class='ocrx_word' id='word_1_110' title='bbox 442 1520 543 1582; x_wconf 87' lang='lat' dir='ltr'>genus</span> <span class='ocrx_word' id='word_1_111' title='bbox 568 1498 715 1574; x_wconf 77' lang='lat' dir='ltr'>sationis,</span> <span class='ocrx_word' id='word_1_112' title='bbox 738 1498 883 1562; x_wconf 86' lang='lat' dir='ltr'>scribens</span> <span class='ocrx_word' id='word_1_113' title='bbox 908 1498 946 1561; x_wconf 90' lang='lat' dir='ltr'>de</span> <span class='ocrx_word' id='word_1_114' title='bbox 966 1497 1097 1562; x_wconf 88' lang='lat' dir='ltr'>olivetis</span> <span class='ocrx_word' id='word_1_115' title='bbox 1116 1503 1149 1562; x_wconf 90' lang='lat' dir='ltr'>et</span> <span class='ocrx_word' id='word_1_116' title='bbox 1164 1518 1187 1558; x_wconf 81' lang='lat'>15</span> 
     </span>
     <span class='ocr_line' id='line_1_17' title="bbox 134 1586 1150 1670; baseline 0 -20"><span class='ocrx_word' id='word_1_117' title='bbox 134 1589 239 1650; x_wconf 85' lang='lat' dir='ltr'>vineis</span> <span class='ocrx_word' id='word_1_118' title='bbox 264 1591 300 1650; x_wconf 90' lang='lat' dir='ltr'>ut</span> <span class='ocrx_word' id='word_1_119' title='bbox 324 1588 402 1650; x_wconf 90' lang='lat' dir='ltr'>duas</span> <span class='ocrx_word' id='word_1_120' title='bbox 426 1587 599 1650; x_wconf 86' lang='lat' dir='ltr'>formulas:</span> <span class='ocrx_word' id='word_1_121' title='bbox 622 1608 729 1668; x_wconf 86' lang='lat' dir='ltr'>unam,</span> <span class='ocrx_word' id='word_1_122' title='bbox 752 1587 870 1669; x_wconf 89' lang='lat' dir='ltr'>inqua</span> <span class='ocrx_word' id='word_1_123' title='bbox 893 1586 1060 1670; x_wconf 83' lang='lat' dir='ltr'>praecipit,</span> <span class='ocrx_word' id='word_1_124' title='bbox 1087 1608 1150 1669; x_wconf 91' lang='lat' dir='ltr'>quo</span> 
     </span>
     <span class='ocr_line' id='line_1_18' title="bbox 135 1674 1152 1759; baseline 0.002 -23"><span class='ocrx_word' id='word_1_125' title='bbox 135 1675 230 1738; x_wconf 90' lang='lat' dir='ltr'>modo</span> <span class='ocrx_word' id='word_1_126' title='bbox 260 1677 416 1739; x_wconf 88' lang='lat' dir='ltr'>olivetum</span> <span class='ocrx_word' id='word_1_127' title='bbox 444 1677 515 1759; x_wconf 89' lang='lat' dir='ltr'>agri</span> <span class='ocrx_word' id='word_1_128' title='bbox 543 1676 656 1757; x_wconf 89' lang='lat' dir='ltr'>iugera</span> <span class='ocrx_word' id='word_1_129' title='bbox 681 1691 770 1739; x_wconf 76' lang='lat' dir='ltr'>coxa</span> <span class='ocrx_word' id='word_1_130' title='bbox 802 1674 962 1739; x_wconf 87' lang='lat' dir='ltr'>instruere</span> <span class='ocrx_word' id='word_1_131' title='bbox 992 1677 1152 1757; x_wconf 85' lang='lat' dir='ltr'>oporteat.</span> 
     </span>
     <span class='ocr_line' id='line_1_19' title="bbox 135 1760 1153 1846; baseline 0.002 -22"><span class='ocrx_word' id='word_1_132' title='bbox 135 1762 213 1826; x_wconf 90' lang='lat' dir='ltr'>dicit</span> <span class='ocrx_word' id='word_1_133' title='bbox 242 1762 329 1825; x_wconf 91' lang='lat' dir='ltr'>enim</span> <span class='ocrx_word' id='word_1_134' title='bbox 355 1763 388 1826; x_wconf 90' lang='lat' dir='ltr'>in</span> <span class='ocrx_word' id='word_1_135' title='bbox 418 1785 455 1827; x_wconf 88' lang='lat' dir='ltr'>eo</span> <span class='ocrx_word' id='word_1_136' title='bbox 485 1763 580 1826; x_wconf 89' lang='lat' dir='ltr'>modo</span> <span class='ocrx_word' id='word_1_137' title='bbox 608 1761 689 1826; x_wconf 86' lang='lat' dir='ltr'>haec</span> <span class='ocrx_word' id='word_1_138' title='bbox 716 1763 879 1846; x_wconf 84' lang='lat' dir='ltr'>mancipia</span> <span class='ocrx_word' id='word_1_139' title='bbox 902 1781 970 1826; x_wconf 84' lang='lat' dir='ltr'>xl11</span> <span class='ocrx_word' id='word_1_140' title='bbox 992 1760 1153 1843; x_wconf 84' lang='lat' dir='ltr'>habenda,</span> 
     </span>
     <span class='ocr_line' id='line_1_20' title="bbox 134 1851 1152 1934; baseline 0 -19"><span class='ocrx_word' id='word_1_141' title='bbox 134 1851 277 1931; x_wconf 85' lang='lat' dir='ltr'>vilicum,</span> <span class='ocrx_word' id='word_1_142' title='bbox 296 1851 435 1933; x_wconf 80' lang='lat' dir='ltr'>vilicum,</span> <span class='ocrx_word' id='word_1_143' title='bbox 455 1852 619 1934; x_wconf 88' lang='lat' dir='ltr'>operarios</span> <span class='ocrx_word' id='word_1_144' title='bbox 640 1869 672 1933; x_wconf 82' lang='lat' dir='ltr'>v,</span> <span class='ocrx_word' id='word_1_145' title='bbox 693 1851 849 1914; x_wconf 90' lang='lat' dir='ltr'>bubulcos</span> <span class='ocrx_word' id='word_1_146' title='bbox 863 1869 912 1933; x_wconf 88' lang='lat'>111,</span> <span class='ocrx_word' id='word_1_147' title='bbox 936 1851 1116 1915; x_wconf 89' lang='lat' dir='ltr'>asinarium</span> <span class='ocrx_word' id='word_1_148' title='bbox 1131 1871 1152 1934; x_wconf 84' lang='lat'>1,</span> 
     </span>
     <span class='ocr_line' id='line_1_21' title="bbox 135 1939 1190 2022; baseline -0.003 -20"><span class='ocrx_word' id='word_1_149' title='bbox 135 1940 305 2003; x_wconf 88' lang='lat' dir='ltr'>subulcum</span> <span class='ocrx_word' id='word_1_150' title='bbox 324 1958 346 2019; x_wconf 86' lang='lat'>1,</span> <span class='ocrx_word' id='word_1_151' title='bbox 370 1939 546 2022; x_wconf 87' lang='lat' dir='ltr'>opilionem</span> <span class='ocrx_word' id='word_1_152' title='bbox 565 1957 587 2003; x_wconf 88' lang='lat'>1.</span> <span class='ocrx_word' id='word_1_153' title='bbox 625 1939 762 2002; x_wconf 86' lang='lat' dir='ltr'>alteram</span> <span class='ocrx_word' id='word_1_154' title='bbox 785 1939 959 2003; x_wconf 88' lang='lat' dir='ltr'>formulam</span> <span class='ocrx_word' id='word_1_155' title='bbox 979 1940 1094 2003; x_wconf 87' lang='lat' dir='ltr'>scribit</span> <span class='ocrx_word' id='word_1_156' title='bbox 1112 1941 1151 2004; x_wconf 89' lang='lat' dir='ltr'>dc</span> <span class='ocrx_word' id='word_1_157' title='bbox 1166 1961 1190 2000; x_wconf 85' lang='lat' dir='ltr'>ao</span> 
     </span>
     <span class='ocr_line' id='line_1_22' title="bbox 134 2027 1151 2112; baseline 0.003 -22"><span class='ocrx_word' id='word_1_158' title='bbox 134 2027 301 2091; x_wconf 88' lang='lat' dir='ltr'>vinearum</span> <span class='ocrx_word' id='word_1_159' title='bbox 329 2029 495 2112; x_wconf 86' lang='lat' dir='ltr'>iugeribus</span> <span class='ocrx_word' id='word_1_160' title='bbox 515 2045 547 2109; x_wconf 88' lang='lat' dir='ltr'>c,</span> <span class='ocrx_word' id='word_1_161' title='bbox 576 2032 612 2091; x_wconf 88' lang='lat' dir='ltr'>ut</span> <span class='ocrx_word' id='word_1_162' title='bbox 640 2028 726 2091; x_wconf 90' lang='lat' dir='ltr'>dicat</span> <span class='ocrx_word' id='word_1_163' title='bbox 752 2028 865 2092; x_wconf 91' lang='lat' dir='ltr'>haberi</span> <span class='ocrx_word' id='word_1_164' title='bbox 896 2032 1045 2112; x_wconf 90' lang='lat' dir='ltr'>oportere</span> <span class='ocrx_word' id='word_1_165' title='bbox 1069 2029 1151 2093; x_wconf 89' lang='lat' dir='ltr'>haec</span> 
     </span>
     <span class='ocr_line' id='line_1_23' title="bbox 134 2116 1149 2200; baseline 0.001 -21"><span class='ocrx_word' id='word_1_166' title='bbox 134 2135 183 2180; x_wconf 84' lang='lat' dir='ltr'>xv</span> <span class='ocrx_word' id='word_1_167' title='bbox 206 2116 376 2200; x_wconf 86' lang='lat' dir='ltr'>mancipia,</span> <span class='ocrx_word' id='word_1_168' title='bbox 399 2117 541 2200; x_wconf 84' lang='lat' dir='ltr'>vilicum,</span> <span class='ocrx_word' id='word_1_169' title='bbox 565 2116 701 2200; x_wconf 84' lang='lat' dir='ltr'>vilicam,</span> <span class='ocrx_word' id='word_1_170' title='bbox 723 2117 889 2200; x_wconf 89' lang='lat' dir='ltr'>operarios</span> <span class='ocrx_word' id='word_1_171' title='bbox 910 2136 943 2197; x_wconf 80' lang='lat' dir='ltr'>x,</span> <span class='ocrx_word' id='word_1_172' title='bbox 962 2117 1149 2196; x_wconf 87' lang='lat' dir='ltr'>bubulcum,</span> 
     </span>
    </p>

    <p class='ocr_par' dir='ltr' id='par_1_6' title="bbox 105 2204 1189 2643">
     <span class='ocr_line' id='line_1_24' title="bbox 105 2204 1151 2290; baseline -0.002 -20"><span class='ocrx_word' id='word_1_173' title='bbox 105 2205 328 2290; x_wconf 78' lang='lat' dir='ltr'>2asinarium‚</span> <span class='ocrx_word' id='word_1_174' title='bbox 361 2207 539 2272; x_wconf 86' lang='lat' dir='ltr'>subulcum.</span> <span class='ocrx_word' id='word_1_175' title='bbox 585 2204 724 2269; x_wconf 80' lang='lat' dir='ltr'>Saserna</span> <span class='ocrx_word' id='word_1_176' title='bbox 755 2206 869 2269; x_wconf 89' lang='lat' dir='ltr'>scribit</span> <span class='ocrx_word' id='word_1_177' title='bbox 898 2206 977 2269; x_wconf 86' lang='lat' dir='ltr'>satis</span> <span class='ocrx_word' id='word_1_178' title='bbox 1008 2226 1080 2268; x_wconf 90' lang='lat' dir='ltr'>esse</span> <span class='ocrx_word' id='word_1_179' title='bbox 1111 2206 1151 2269; x_wconf 91' lang='lat' dir='ltr'>ad</span> 
     </span>
     <span class='ocr_line' id='line_1_25' title="bbox 134 2293 1151 2377; baseline 0.001 -21"><span class='ocrx_word' id='word_1_180' title='bbox 134 2294 248 2377; x_wconf 89' lang='lat' dir='ltr'>iugera</span> <span class='ocrx_word' id='word_1_181' title='bbox 270 2313 335 2358; x_wconf 85' lang='lat' dir='ltr'>vl11</span> <span class='ocrx_word' id='word_1_182' title='bbox 357 2295 523 2359; x_wconf 89' lang='lat' dir='ltr'>hominem</span> <span class='ocrx_word' id='word_1_183' title='bbox 547 2316 660 2358; x_wconf 89' lang='lat' dir='ltr'>unum:</span> <span class='ocrx_word' id='word_1_184' title='bbox 685 2315 723 2356; x_wconf 88' lang='lat' dir='ltr'>ea</span> <span class='ocrx_word' id='word_1_185' title='bbox 746 2293 861 2357; x_wconf 89' lang='lat' dir='ltr'>debere</span> <span class='ocrx_word' id='word_1_186' title='bbox 885 2315 957 2356; x_wconf 87' lang='lat' dir='ltr'>eum</span> <span class='ocrx_word' id='word_1_187' title='bbox 977 2293 1151 2357; x_wconf 83' lang='lat' dir='ltr'>confodere</span> 
     </span>
     <span class='ocr_line' id='line_1_26' title="bbox 135 2381 1189 2467; baseline -0.004 -22"><span class='ocrx_word' id='word_1_188' title='bbox 135 2383 249 2446; x_wconf 91' lang='lat' dir='ltr'>diebus</span> <span class='ocrx_word' id='word_1_189' title='bbox 269 2402 352 2467; x_wconf 71' lang='lat' dir='ltr'>xcv,</span> <span class='ocrx_word' id='word_1_190' title='bbox 385 2384 517 2448; x_wconf 88' lang='lat' dir='ltr'>tametsi</span> <span class='ocrx_word' id='word_1_191' title='bbox 549 2383 713 2465; x_wconf 86' lang='lat' dir='ltr'>quaternis</span> <span class='ocrx_word' id='word_1_192' title='bbox 743 2381 849 2464; x_wconf 90' lang='lat' dir='ltr'>operis</span> <span class='ocrx_word' id='word_1_193' title='bbox 880 2382 1008 2465; x_wconf 89' lang='lat' dir='ltr'>singula</span> <span class='ocrx_word' id='word_1_194' title='bbox 1036 2384 1189 2467; x_wconf 69' lang='lat' dir='ltr'>ingeram</span> 
     </span>
     <span class='ocr_line' id='line_1_27' title="bbox 134 2471 1150 2555; baseline -0.001 -21"><span class='ocrx_word' id='word_1_195' title='bbox 134 2472 253 2555; x_wconf 79' lang='lat' dir='ltr'>possit3</span> <span class='ocrx_word' id='word_1_196' title='bbox 273 2472 329 2535; x_wconf 87' lang='lat' dir='ltr'>sed</span> <span class='ocrx_word' id='word_1_197' title='bbox 348 2472 530 2555; x_wconf 86' lang='lat' dir='ltr'>relinquere</span> <span class='ocrx_word' id='word_1_198' title='bbox 551 2493 584 2533; x_wconf 89' lang='lat' dir='ltr'>se</span> <span class='ocrx_word' id='word_1_199' title='bbox 603 2493 718 2553; x_wconf 89' lang='lat' dir='ltr'>operas</span> <span class='ocrx_word' id='word_1_200' title='bbox 737 2487 802 2533; x_wconf 83' lang='lat' dir='ltr'>xl11</span> <span class='ocrx_word' id='word_1_201' title='bbox 821 2471 1008 2550; x_wconf 85' lang='lat' dir='ltr'>valetudini,</span> <span class='ocrx_word' id='word_1_202' title='bbox 1027 2475 1150 2555; x_wconf 87' lang='lat' dir='ltr'>tempe·</span> 
     </span>
     <span class='ocr_line' id='line_1_28' title="bbox 135 2557 1150 2643; baseline 0.002 -22"><span class='ocrx_word' id='word_1_203' title='bbox 135 2562 227 2638; x_wconf 82' lang='lat' dir='ltr'>stati,</span> <span class='ocrx_word' id='word_1_204' title='bbox 251 2560 402 2643; x_wconf 84' lang='lat' dir='ltr'>inertiae,</span> <span class='ocrx_word' id='word_1_205' title='bbox 429 2559 653 2641; x_wconf 81' lang='lat' dir='ltr'>indiligentiae</span> <span class='ocrx_word' id='word_1_206' title='bbox 677 2557 742 2640; x_wconf 88' lang='lat' dir='ltr'><strong>[L].</strong></span> <span class='ocrx_word' id='word_1_207' title='bbox 788 2558 904 2622; x_wconf 88' lang='lat' dir='ltr'>horum</span> <span class='ocrx_word' id='word_1_208' title='bbox 928 2559 1043 2622; x_wconf 91' lang='lat' dir='ltr'>neuter</span> <span class='ocrx_word' id='word_1_209' title='bbox 1068 2559 1150 2624; x_wconf 85' lang='lat' dir='ltr'>satis</span> 
     </span>
    </p>

    <p class='ocr_par' dir='ltr' id='par_1_7' title="bbox 104 2644 1151 2818">
     <span class='ocr_line' id='line_1_29' title="bbox 104 2644 1150 2731; baseline 0.002 -23"><span class='ocrx_word' id='word_1_210' title='bbox 104 2647 274 2714; x_wconf 88' lang='lat' dir='ltr'>3dilueide</span> <span class='ocrx_word' id='word_1_211' title='bbox 302 2647 450 2710; x_wconf 89' lang='lat' dir='ltr'>modulos</span> <span class='ocrx_word' id='word_1_212' title='bbox 479 2647 610 2728; x_wconf 92' lang='lat' dir='ltr'>reliquit</span> <span class='ocrx_word' id='word_1_213' title='bbox 633 2647 743 2719; x_wconf 87' lang='lat' dir='ltr'>nobis,</span> <span class='ocrx_word' id='word_1_214' title='bbox 767 2648 853 2730; x_wconf 92' lang='lat' dir='ltr'>quod</span> <span class='ocrx_word' id='word_1_215' title='bbox 876 2644 959 2711; x_wconf 72' lang='lat' dir='ltr'>Cato</span> <span class='ocrx_word' id='word_1_216' title='bbox 984 2645 1013 2710; x_wconf 92' lang='lat' dir='ltr'>si</span> <span class='ocrx_word' id='word_1_217' title='bbox 1036 2648 1150 2731; x_wconf 79' lang='lat' dir='ltr'>voluit,</span> 
     </span>
     <span class='ocr_line' id='line_1_30' title="bbox 136 2733 1151 2818; baseline 0.003 -22"><span class='ocrx_word' id='word_1_218' title='bbox 136 2735 249 2797; x_wconf 90' lang='lat' dir='ltr'>debuit</span> <span class='ocrx_word' id='word_1_219' title='bbox 278 2735 334 2816; x_wconf 88' lang='lat' dir='ltr'>sic,</span> <span class='ocrx_word' id='word_1_220' title='bbox 364 2741 401 2798; x_wconf 89' lang='lat' dir='ltr'>ut</span> <span class='ocrx_word' id='word_1_221' title='bbox 431 2756 489 2817; x_wconf 91' lang='lat' dir='ltr'>pro</span> <span class='ocrx_word' id='word_1_222' title='bbox 520 2733 669 2818; x_wconf 82' lang='lat' dir='ltr'>portione</span> <span class='ocrx_word' id='word_1_223' title='bbox 700 2734 741 2798; x_wconf 85' lang='lat' dir='ltr'>ad</span> <span class='ocrx_word' id='word_1_224' title='bbox 770 2737 923 2799; x_wconf 90' lang='lat' dir='ltr'>maiorem</span> <span class='ocrx_word' id='word_1_225' title='bbox 953 2735 1090 2798; x_wconf 87' lang='lat' dir='ltr'>fundum</span> <span class='ocrx_word' id='word_1_226' title='bbox 1120 2738 1151 2799; x_wconf 99' lang='lat' dir='ltr'>et</span> 
     </span>
    </p>
   </div>
   <div class='ocr_carea' id='block_1_3' title="bbox 134 2819 1188 2994">
    <p class='ocr_par' dir='ltr' id='par_1_8' title="bbox 134 2819 1188 2994">
     <span class='ocr_line' id='line_1_31' title="bbox 134 2819 1188 2907; baseline -0.002 -23"><span class='ocrx_word' id='word_1_227' title='bbox 134 2819 292 2886; x_wconf 83' lang='lat' dir='ltr'>miirorem</span> <span class='ocrx_word' id='word_1_228' title='bbox 323 2824 512 2887; x_wconf 89' lang='lat' dir='ltr'>adderemus</span> <span class='ocrx_word' id='word_1_229' title='bbox 542 2828 575 2887; x_wconf 85' lang='lat' dir='ltr'>et</span> <span class='ocrx_word' id='word_1_230' title='bbox 606 2822 813 2888; x_wconf 89' lang='lat' dir='ltr'>demeremus.</span> <span class='ocrx_word' id='word_1_231' title='bbox 859 2828 1029 2907; x_wconf 88' lang='lat' dir='ltr'>praeterea</span> <span class='ocrx_word' id='word_1_232' title='bbox 1058 2827 1150 2888; x_wconf 85' lang='lat' dir='ltr'>extra</span> <span class='ocrx_word' id='word_1_233' title='bbox 1164 2844 1188 2884; x_wconf 83' lang='lat' dir='ltr'>eo</span> 
     </span>
     <span class='ocr_line' id='line_1_32' title="bbox 134 2910 1149 2994; baseline 0.004 -22"><span class='ocrx_word' id='word_1_234' title='bbox 134 2910 292 2974; x_wconf 83' lang='lat' dir='ltr'>familiam</span> <span class='ocrx_word' id='word_1_235' title='bbox 312 2912 423 2975; x_wconf 90' lang='lat' dir='ltr'>debuit</span> <span class='ocrx_word' id='word_1_236' title='bbox 441 2913 546 2975; x_wconf 89' lang='lat' dir='ltr'>dicere</span> <span class='ocrx_word' id='word_1_237' title='bbox 564 2912 697 2976; x_wconf 82' lang='lat' dir='ltr'>vilicum</span> <span class='ocrx_word' id='word_1_238' title='bbox 717 2917 750 2975; x_wconf 90' lang='lat' dir='ltr'>et</span> <span class='ocrx_word' id='word_1_239' title='bbox 768 2912 906 2976; x_wconf 88' lang='lat' dir='ltr'>vilicam.</span> <span class='ocrx_word' id='word_1_240' title='bbox 935 2933 1037 2994; x_wconf 91' lang='lat' dir='ltr'>neque</span> <span class='ocrx_word' id='word_1_241' title='bbox 1053 2912 1149 2990; x_wconf 90' lang='lat' dir='ltr'>enim,</span> 
     </span>
    </p>
   </div>
   <div class='ocr_carea' id='block_1_4' title="bbox 134 3084 1151 3297">
    <p class='ocr_par' dir='ltr' id='par_1_9' title="bbox 134 3084 1151 3297">
     <span class='ocr_line' id='line_1_33' title="bbox 215 3084 1151 3154; baseline 0.001 -15"><span class='ocrx_word' id='word_1_242' title='bbox 215 3093 239 3139; x_wconf 80' lang='lat'>·2</span> <span class='ocrx_word' id='word_1_243' title='bbox 254 3085 423 3139; x_wconf 88' lang='lat' dir='ltr'>iniciendam</span> <span class='ocrx_word' id='word_1_244' title='bbox 438 3085 614 3154; x_wconf 89' lang='lat' dir='ltr'>uoluptatem</span> <span class='ocrx_word' id='word_1_245' title='bbox 629 3084 811 3154; x_wconf 87' lang='lat' dir='ltr'>(iniciendum</span> <span class='ocrx_word' id='word_1_246' title='bbox 826 3084 1003 3154; x_wconf 78' lang='lat' dir='ltr'>uoluptatem</span> <span class='ocrx_word' id='word_1_247' title='bbox 1016 3102 1050 3138; x_wconf 83' lang='lat' dir='ltr'>ea</span> <span class='ocrx_word' id='word_1_248' title='bbox 1059 3087 1151 3140; x_wconf 83' lang='lat' dir='ltr'>codiee</span> 
     </span>
     <span class='ocr_line' id='line_1_34' title="bbox 134 3154 1151 3226; baseline 0 -15"><span class='ocrx_word' id='word_1_249' title='bbox 134 3159 278 3211; x_wconf 77' lang='lat' dir='ltr'>adnotavit</span> <span class='ocrx_word' id='word_1_250' title='bbox 301 3157 450 3226; x_wconf 66' lang='lat' dir='ltr'>Victorias)</span> <span class='ocrx_word' id='word_1_251' title='bbox 538 3155 677 3225; x_wconf 68' lang='lat' dir='ltr'>taliquit</span> <span class='ocrx_word' id='word_1_252' title='bbox 757 3160 790 3209; x_wconf 78' lang='lat'>28</span> <span class='ocrx_word' id='word_1_253' title='bbox 809 3154 945 3224; x_wconf 86' lang='lat' dir='ltr'>relinquit</span> <span class='ocrx_word' id='word_1_254' title='bbox 1018 3157 1041 3209; x_wconf 93' lang='lat' dir='ltr'>si</span> <span class='ocrx_word' id='word_1_255' title='bbox 1055 3157 1151 3211; x_wconf 88' lang='lat' dir='ltr'>uoluit</span> 
     </span>
     <span class='ocr_line' id='line_1_35' title="bbox 134 3228 536 3297; baseline 0.002 -17"><span class='ocrx_word' id='word_1_256' title='bbox 134 3231 165 3280; x_wconf 81' lang='lat' dir='ltr'>ut</span> <span class='ocrx_word' id='word_1_257' title='bbox 186 3228 283 3281; x_wconf 75' lang='lat' dir='ltr'>debuit</span> <span class='ocrx_word' id='word_1_258' title='bbox 301 3228 339 3282; x_wconf 80' lang='lat' dir='ltr'>sit</span> <span class='ocrx_word' id='word_1_259' title='bbox 357 3228 536 3297; x_wconf 83' lang='lat' dir='ltr'>proportione</span> 
     </span>
    </p>
   </div>
   <div class='ocr_carea' id='block_1_5' title="bbox 134 3385 1150 3526">
    <p class='ocr_par' dir='ltr' id='par_1_10' title="bbox 134 3385 1150 3526">
     <span class='ocr_line' id='line_1_36' title="bbox 223 3385 1150 3455; baseline 0.001 -16"><span class='ocrx_word' id='word_1_260' title='bbox 223 3392 239 3439; x_wconf 77' lang='lat'>2</span> <span class='ocrx_word' id='word_1_261' title='bbox 258 3386 439 3441; x_wconf 89' lang='lat' dir='ltr'>inliciendam</span> <span class='ocrx_word' id='word_1_262' title='bbox 460 3389 486 3441; x_wconf 90' lang='lat' dir='ltr'>I.</span> <span class='ocrx_word' id='word_1_263' title='bbox 508 3387 543 3441; x_wconf 83' lang='lat' dir='ltr'>F.</span> <span class='ocrx_word' id='word_1_264' title='bbox 559 3387 714 3442; x_wconf 71' lang='lat' dir='ltr'>Graeceius</span> <span class='ocrx_word' id='word_1_265' title='bbox 731 3386 807 3455; x_wconf 81' lang='lat' dir='ltr'>apud</span> <span class='ocrx_word' id='word_1_266' title='bbox 821 3385 1016 3440; x_wconf 75' lang='lat' dir='ltr'>Schneiderum</span> <span class='ocrx_word' id='word_1_267' title='bbox 1101 3401 1150 3440; x_wconf 89' lang='lat' dir='ltr'>uo-</span> 
     </span>
     <span class='ocr_line' id='line_1_37' title="bbox 134 3455 738 3526; baseline 0.005 -17"><span class='ocrx_word' id='word_1_268' title='bbox 134 3455 272 3510; x_wconf 85' lang='lat' dir='ltr'>luntatem</span> <span class='ocrx_word' id='word_1_269' title='bbox 295 3458 433 3513; x_wconf 78' lang='lat' dir='ltr'>Victorias</span> <span class='ocrx_word' id='word_1_270' title='bbox 505 3464 539 3513; x_wconf 79' lang='lat'>28</span> <span class='ocrx_word' id='word_1_271' title='bbox 558 3458 673 3526; x_wconf 88' lang='lat' dir='ltr'>reliquit</span> <span class='ocrx_word' id='word_1_272' title='bbox 690 3475 738 3512; x_wconf 86' lang='lat' dir='ltr'>mv</span> 
     </span>
    </p>
   </div>
   <div class='ocr_carea' id='block_1_6' title="bbox 0 0 1231 3938">
    <p class='ocr_par' dir='ltr' id='par_1_11' title="bbox 0 0 1231 3938">
     <span class='ocr_line' id='line_1_38' title="bbox 0 0 1231 3938; baseline 0 0"><span class='ocrx_word' id='word_1_273' title='bbox 0 0 1231 3938; x_wconf 95' lang='lat' dir='ltr'> </span> 
     </span>
    </p>
   </div>
  </div>
 </body>
</html>
