2452 3938
140 153 184 217 56
559 151 756 224 vrnaomsq

140 297 248 363 tarda:
271 298 305 362 in
328 298 391 362 hoc
414 297 499 362 enim
518 297 679 362 umidiora
697 318 794 382 quam
813 294 963 362 aridiora.
986 331 1032 343 —
1056 319 1157 382 quare

141 408 179 450 ex
202 391 290 451 terra
312 386 422 470 potius
445 387 479 450 in
503 386 686 451 seminariis
711 386 855 450 surculos
880 383 919 448 de
937 384 1032 450 ficeto
1057 408 1157 471 quam

141 497 246 561 grana
273 475 312 540 dc
339 476 400 540 fico
429 475 557 558 expedit
585 475 734 558 obruere,
765 475 894 558 praeter
924 473 953 537 si
982 473 1079 539 aliter
1101 497 1157 540 ne·

141 585 256 649 queas„
283 568 321 629 nt
348 564 506 649 siquando
535 564 607 647 quis
635 567 727 628 trans
755 583 844 628 mare
858 561 998 630 =semina
1026 563 1157 628 mittere

141 658 198 718 aut
220 653 294 717 inde
317 656 428 737 petere
451 653 531 720 vult.
571 657 641 720 tum
666 652 750 718 enim
773 651 961 716 resticulam
985 672 1044 734 per
1067 652 1158 738 ficos,
1182 677 1193 718 r

142 764 222 825 quas
237 741 371 824 edimus,
392 746 536 806 maturas
551 743 723 825 perserunt
737 744 770 805 et
784 762 847 823 eas,
868 761 941 803 cum
956 739 1158 826 inaruerunt,

142 830 329 912 conplicant
353 852 390 895 ac
414 852 477 914 quo
500 830 617 894 volunt
638 829 784 914 mittunt,
806 825 863 893 ubi
887 829 1024 893 obrutae
1046 829 1083 894 in
1109 851 1158 894 se-

112 918 280 982 6minario
310 919 449 1002 pariant.
496 919 542 982 sic
572 939 692 1002 genera
716 918 863 999 ficorum,
891 916 983 981 chiae
1008 939 1046 982 ac
1069 918 1157 983 chal-

141 1006 260 1071 cidicae
284 1011 318 1071 et
340 1006 449 1088 lydiae
466 1010 496 1070 ct
512 1006 692 1090 africanae,
709 1006 790 1070 item
809 1011 917 1071 cetera
934 1007 1158 1071 transmarina

141 1095 176 1158 in
198 1094 328 1159 Italiam
352 1095 488 1177 perlata.
526 1094 626 1158 simili
649 1095 688 1160 de
711 1115 818 1178 causa,
841 1094 932 1159 oleae
953 1115 1062 1160 semen
1084 1117 1159 1160 cum
1172 1122 1196 1161 ro

142 1183 185 1246 sit
212 1183 382 1260 nuncluce,
417 1183 502 1265 quod
536 1203 574 1246 ex
607 1205 645 1248 eo
676 1183 799 1247 tardius
827 1183 1043 1247 enascebatur
1076 1184 1159 1249 colis

142 1292 237 1354 quam
262 1292 299 1334 ex
322 1271 412 1354 aliis,
439 1270 511 1337 ideo
535 1272 645 1355 potius
667 1272 702 1336 in
725 1271 905 1336 seminariis
928 1272 1049 1360 taleas,
1077 1294 1159 1356 quas

88 1371 163 1427 XIII
173 1358 248 1440 dixi,
267 1359 414 1424 serimus.
436 1360 470 1424 in
484 1360 598 1444 primis
608 1360 764 1426 observes
779 1382 819 1424 ne
834 1361 869 1424 in
883 1363 1006 1426 terram
1020 1360 1161 1427 nimium

143 1447 268 1513 aridam
292 1452 348 1513 aut
370 1449 503 1533 variam,
527 1448 583 1514 sed
605 1452 845 1533 temperatam,
860 1469 983 1531 semen,
994 1449 1160 1514 demittas.

141 1538 176 1601 in
198 1538 344 1622 iugerum
367 1560 476 1622 unum,
500 1537 529 1602 si
552 1541 601 1603 est
620 1542 739 1604 natura
757 1540 940 1622 temperata
958 1541 1055 1621 terra,
1080 1537 1159 1604 scriss
1172 1563 1197 1605 rs

142 1626 224 1690 bunt
247 1648 328 1710 opus
352 1647 422 1691 esse
446 1626 588 1691 medicae
612 1626 873 1711 sesquimodium.
908 1626 942 1689 id
964 1627 1084 1690 saritur
1102 1627 1159 1711 ita,

142 1717 180 1777 ut
203 1717 313 1777 ⁴seman
336 1714 482 1797 iaciatur,
506 1715 810 1797 quemadmodum
832 1713 887 1796 [L]
908 1727 982 1779 curn
1000 1716 1160 1800 pabulum

74 1815 163 1869 XLIII
176 1804 209 1865 ct
226 1801 424 1866 frumentum
445 1803 571 1869 seritur.
608 1804 746 1887 cytisum
765 1804 884 1868 seritur
906 1804 941 1869 in
963 1808 1053 1868 tarra
1075 1805 1160 1869 bene

143 1890 277 1954 subacta
300 1896 467 1975 tamquam
495 1913 606 1958 semen
632 1893 804 1957 brassicae.
849 1892 923 1956 inde
955 1892 1105 1957 differtur
1129 1897 1162 1957 et

142 1981 176 2043 in
205 1979 428 2065 sesquipedem
456 1980 601 2064 ponitur,
630 1984 686 2046 aut
716 1982 813 2046 etiam
837 1981 877 2045 de
900 1981 1002 2065 cytiso
1029 1980 1197 2047 duriorem

144 2070 290 2152 virgulas
328 2070 574 2154 deplantantur,
611 2075 644 2135 et
681 2071 729 2135 ita
759 2070 915 2154 pangitur
945 2071 980 2134 in
1012 2070 1161 2136 serendo.

73 2171 162 2226 XLIV
172 2163 322 2223 seruntur
341 2158 437 2224 fabae
451 2157 551 2224 modii
564 2177 617 2224 1111
631 2160 664 2223 in
679 2159 801 2243 iugero,
819 2158 922 2223 tritici
929 2160 967 2240 u,
985 2158 1101 2223 hordei
1115 2178 1160 2238 vl,

143 2246 238 2312 farris
249 2266 282 2332 x,
308 2248 449 2312 sednon
467 2247 567 2311 nullis
586 2249 666 2314 locis
685 2248 783 2332 paulo
803 2247 944 2330 amplius
965 2250 1021 2310 aut
1040 2249 1161 2312 minus.

143 2337 171 2402 si
196 2337 281 2401 enim
304 2338 393 2402 locus
417 2358 555 2419 massua,
577 2338 665 2420 plus3
703 2337 732 2400 si
754 2357 871 2419 macer,
894 2336 1009 2400 minus.
1058 2358 1160 2419 quare

143 2426 343 2509 observabis,
373 2430 530 2509 quantum
562 2426 597 2491 in
630 2447 668 2489 ea
700 2425 832 2509 regione
865 2425 1063 2489 consuetudo
1099 2426 1198 2492 eritas

143 2501 284 2599 serendi,
311 2520 348 2580 ut
374 2517 504 2578 tantum
534 2513 652 2595 facias,
689 2513 774 2596 quod
801 2516 932 2577 tantum
954 2513 1043 2577 valet
1066 2514 1159 2598 regio

144 2625 181 2668 ac
205 2624 307 2688 genus
330 2605 450 2686 terrac,
467 2604 517 2665 'ut
540 2623 578 2666 ex
602 2602 713 2666 codem
737 2600 858 2666 semine
883 2601 985 2665 aliubi
1008 2622 1083 2667 cum
1107 2603 1158 2667 de-

144 2692 227 2756 cimo
250 2691 373 2773 redeat,
397 2689 497 2754 aliubi
521 2711 594 2754 oum
618 2691 731 2791 quinto
756 2690 890 2773 decime,
912 2695 950 2754 nt
973 2690 1006 2753 in
1025 2689 1160 2756 Etruria

113 2780 225 2845 Ilocis
254 2779 389 2864 aliquot.
435 2777 469 2840 in
496 2777 594 2842 Italia
621 2801 657 2844 rn
685 2777 881 2844 Subaritano
914 2778 1026 2843 dicunt
1059 2780 1158 2844 etiam

144 2890 217 2932 cum
240 2866 417 2931 centesimo
441 2865 546 2930 rodirc
571 2867 711 2950 solitum,
735 2869 769 2930 in
793 2865 887 2951 Syria
911 2867 951 2931 ad
970 2866 1101 2932 Gadara
1126 2870 1197 2933 etro

143 2957 176 3020 in
202 2955 315 3020 Africa
338 2955 379 3020 ad
401 2954 578 3037 Byzacium
602 2955 681 3020 item
697 2977 744 3020 ex
766 2956 875 3021 modio
899 2956 991 3020 nasci
1015 2959 1156 3021 centum.

142 3073 357 3083 .....-..-—-—--

232 3129 436 3199 opesticnlam
481 3128 602 3183 alidiae
621 3128 764 3193 africanae
812 3135 844 3183 17
863 3128 986 3183 iactatur
1026 3135 1062 3184 26
1082 3131 1158 3199 quod

142 3201 264 3272 tantum]
284 3202 421 3268 quantum
484 3207 518 3254 29
538 3200 653 3270 aliquod
714 3205 748 3254 30
766 3201 872 3271 garada

233 3367 249 3414 5
268 3360 431 3416 resticulam
450 3377 496 3414 mc
606 3365 622 3414 9
642 3360 671 3412 et
689 3358 783 3427 lydiae
804 3362 832 3413 et
850 3358 991 3413 africanae
1010 3359 1159 3414 Iucundos

144 3440 177 3488 17
209 3432 329 3487 iaciatur
358 3431 494 3487 Gesuerus
620 3437 654 3486 26
685 3429 760 3498 quod
793 3432 905 3485 tantum
933 3429 1011 3485 valet
1040 3430 1159 3486 Ursinus

144 3508 179 3558 30
199 3502 310 3557 Gadara
328 3503 519 3572 Soboettqcuus
