2452 3938
315 156 446 213 RERVM
463 155 702 215 RVSTIOARVM
720 158 788 213 LIB.
807 158 834 213 II
853 163 921 214 7-8
1063 159 1126 225 107

111 302 247 386 farrago
275 301 346 366 dari
374 303 467 368 solet.
511 303 593 368 haec
620 274 716 373 eriim¹
734 304 885 388 purgatio
909 305 1048 370 maxime
1070 328 1127 370 ne-

112 390 256 455 cessaria
288 392 405 476 equino
437 394 556 475 pecori.
611 392 697 477 quod
730 392 842 457 diebus
876 392 986 457 decem
1020 393 1127 459 facere

110 481 581 654 iiiiiiloniopthtfiii
610 481 1180 654 liidiibieirmililitdtlss

81 656 277 739 shordeum,
307 657 425 723 cotidie
453 659 645 724 adicientem
669 657 869 724 minutatim:
899 659 984 742 quod
1008 664 1125 743 quarto

110 745 163 809 die
186 744 316 829 feceris,
345 746 380 810 in
409 768 446 811 eo
471 746 580 813 decem
604 747 715 813 diebus
739 746 896 831 proximis
920 748 1125 814 manendum.

110 834 152 898 ab
181 855 220 898 eo
248 838 394 920 tempore
421 835 625 901 mediocriter
649 835 858 901 exercendum
882 840 927 918 et,
955 858 1028 901 cum
1052 858 1125 902 con·

109 922 245 1004 sudarit,
267 924 533 1009 perunguendum
561 925 641 991 oleo.
688 925 715 989 si
742 924 845 1009 frigus
869 925 940 1006 erit,
968 926 1003 988 in
1025 926 1125 1010 equili

108 1011 274 1076 faciendus
292 1012 389 1096 ignis.
426 1015 500 1097 equi
519 1013 604 1096 quod
623 1013 680 1077 alii
699 1017 776 1078 sunt
794 1013 834 1076 ad
857 1034 926 1077 rem
949 1013 1177 1079 militarem15

68 1122 95 1162 ro
109 1098 229 1182 idonei,
256 1101 312 1164 alii
336 1101 376 1164 ad
400 1106 573 1184 vecturam,
603 1102 659 1166 alii
681 1103 724 1167 ad
746 1101 976 1186 admissuram,
1004 1102 1060 1166 alii
1084 1102 1125 1167 ad

109 1210 291 1270 cursuram,
329 1210 397 1254 non
427 1190 506 1254 item
540 1195 618 1254 sunt
650 1190 818 1274 spectandi
846 1195 943 1274 atque
973 1190 1124 1256 habendi.

107 1277 220 1361 itaque
246 1279 370 1362 peritus
397 1278 477 1343 belli
504 1280 585 1343 alios
615 1279 709 1363 eligit
736 1281 833 1362 atque
862 1279 921 1343 alit
949 1301 986 1344 ac
1016 1279 1123 1364 doeet3

108 1365 206 1430 aliter
233 1366 458 1450 quadrigarius
482 1389 519 1432 ac
543 1367 698 1452 desultor3
735 1387 839 1450 neque
862 1365 948 1430 idem
972 1369 1027 1450 qui
1050 1390 1124 1433 vec-

106 1455 212 1519 torios
234 1454 340 1519 facere
364 1457 433 1519 vult
456 1457 497 1520 ad
520 1456 709 1539 ephippium
732 1458 788 1519 aut
812 1454 851 1518 ad
874 1455 1015 1539 raedam,
1038 1458 1124 1538 quod

67 1567 93 1608 15
108 1542 151 1607 ad
172 1563 241 1607 rem
269 1544 456 1628 militarem,
485 1544 572 1628 quod
601 1547 638 1608 ut
660 1543 708 1607 ibi
731 1542 771 1606 ad
795 1546 902 1607 castra
924 1543 1044 1608 habere
1067 1566 1124 1608 vo·

105 1633 180 1696 lunt
203 1653 302 1714 acres,
328 1633 374 1698 sic
398 1636 513 1698 contra
535 1632 569 1697 in
593 1632 654 1697 viis
677 1631 798 1696 habere
821 1632 946 1695 malunt
968 1632 1124 1716 placidos.

105 1723 241 1805 propter
264 1720 349 1804 quod
368 1722 542 1786 discrimen
559 1721 699 1787 maxime
717 1720 907 1785 institutum
924 1723 963 1784 ut
981 1724 1124 1786 castren-

105 1815 162 1872 tur
184 1810 266 1893 equi.
304 1809 444 1893 demptis
468 1812 555 1876 enim
573 1809 734 1876 testiculis
751 1810 836 1874 finnt
855 1809 1038 1894 quietiores,
1062 1811 1121 1890 [et]

105 1898 180 1962 ideo
209 1899 295 1981 quod
325 1898 447 1964 semine
475 1903 594 1964 carent.
640 1900 664 1962 ii
693 1897 851 1962 cantherii
881 1899 1052 1981 appellati,
1085 1904 1123 1963 ut

65 2011 93 2051 ao
106 1987 142 2050 in
166 1987 266 2051 subus
289 1987 434 2070 maiales,
457 1989 553 2074 gallis
578 1986 764 2072 gallinaceis
784 1988 864 2069 capi.
902 1986 941 2049 de
961 1985 1176 2055 medicina16

106 2075 159 2140 vel
182 2076 325 2159 plurima
348 2080 423 2140 sunt
445 2078 480 2141 in
503 2077 594 2160 equis
619 2080 652 2140 et
675 2075 770 2158 signa
793 2075 981 2139 morborum
1005 2078 1038 2139 et
1070 2095 1124 2158 ge·

105 2185 186 2227 nera
200 2166 415 2248 curationum,
434 2187 516 2249 quae
536 2166 702 2247 pastorem
717 2163 838 2246 scripta
852 2162 972 2226 habere
987 2168 1123 2246 oportet.

105 2252 218 2336 itaque
241 2253 281 2316 ab
305 2253 367 2318 hoc
390 2254 425 2317 in
449 2253 584 2317 Graecia
606 2251 813 2336 potissimum
836 2251 952 2315 medici
970 2272 1124 2334 pecorum

107 2340 278 2427 ίππίατροι
301 2342 464 2426 appellati.

64 2453 92 2494 2⁵
196 2429 279 2494 Cum
306 2431 387 2495 haec
413 2432 631 2515 loqueremur,
657 2426 748 2491 venit
776 2426 947 2491 aMenate
977 2427 1123 2513 libertus,
1132 2445 1198 2502 vm

91 2516 164 2601 .qui
186 2517 274 2583 dieat
295 2518 364 2583 liba
388 2520 538 2584 absoluta
561 2538 631 2582 esse
654 2521 688 2580 et
710 2537 778 2579 rem
798 2515 941 2580 divinam
960 2520 1123 2600 paratam

106 2606 135 2670 si
158 2607 290 2689 vellent,
312 2607 461 2672 venirent
483 2608 561 2671 illuc
584 2609 617 2670 et
638 2605 702 2689 ipsi
720 2626 780 2688 pro
801 2626 835 2668 se
855 2605 1122 2672 sacrificarentur.

104 2693 179 2778 Ego
198 2717 284 2779 vero,
307 2696 451 2780 inquam,
475 2717 532 2761 vos
558 2697 634 2759 ante
653 2696 698 2756 ire
717 2715 784 2757 non
803 2694 922 2776 patiar,
947 2697 1123 2778 antequam

105 2782 188 2847 mihi
210 2784 414 2849 reddideritis
438 2784 572 2849 tertium
595 2786 704 2847 actum
728 2781 766 2846 dc
789 2781 897 2864 mulis,
917 2782 956 2846 de
975 2784 1121 2866 canibus,

196 2943 213 2994 t
238 2940 355 2996 cottidie
428 2945 443 2994 ‘1
468 2940 644 2994 extriendum
716 2942 732 2991 8
755 2938 986 3007 perunguendum
1011 2942 1123 3020 (perun-

103 3010 230 3092 gendum
253 3011 280 3067 V
295 3017 320 3066 ει
337 3011 664 3091 annualia-apopraphd)
738 3009 850 3078 tequi]
871 3009 951 3133 eqlutis
1009 3009 1124 3133 ltoaiileli

104 3081 404 3222 idllldisieidlilesultloi·
419 3081 757 3221 appuelpaggngpaedaffi
774 3080 900 3216 diddeni
912 3099 953 3201 lad
971 3158 1030 3201 re'm
1049 3149 1122 3203 mili·

79 3233 82 3238 '
104 3224 199 3277 tarem
213 3223 343 3292 quodibi
382 3230 414 3279 19
425 3222 561 3294 appellati
577 3220 768 3292 (appellantur
783 3219 823 3286 V)
862 3223 897 3271 24
914 3211 1121 3274 ΙΙΤΙΤΙΔΤΡΟΙ

197 3371 213 3420 ’1
237 3364 420 3420 exercendum
442 3381 459 3419 o
545 3371 560 3418 9
585 3360 650 3432 equi
672 3379 699 3416 m
785 3365 818 3414 10
848 3358 884 3414 ad
908 3358 1123 3416 admissuramv

107 3441 143 3489 14
161 3435 197 3491 ad
215 3436 332 3492 rhedam
356 3436 472 3491 Ursims
541 3442 574 3491 18
593 3436 622 3490 et
640 3433 738 3489 delevit
755 3431 909 3487 Pontedera
927 3433 1012 3502 antip.
1032 3450 1059 3502 p.
1068 3436 1124 3489 436

107 3511 144 3560 24
163 3504 307 3577 tantaeque
327 3508 505 3562 Politiauua
