2452 3938
295 110 426 166 RERVM
444 110 682 167 nvsrlcnnvn
700 111 769 166 LIB.
788 112 814 166 ΙΙ
832 119 850 167 4
1037 113 1081 179 95

67 255 219 321 sacresf’.
265 254 294 321 si
316 256 434 322 fundus
459 257 636 340 ministrat,
665 257 734 322 dari
758 258 864 322 solent
886 257 1019 322 vinacea
1043 281 1080 324 ao

66 345 159 430 scopi
184 366 223 409 ex
245 345 328 411 uuis.
368 345 488 419 amisso
516 346 649 410 nomine
671 346 829 411 lactantes
852 345 1004 411 dicuntur
1027 354 1133 411 nc-17

66 433 195 498 frendes
220 432 261 497 ab
284 454 333 517 eo,
357 434 442 519 qnod
465 435 610 498 nondum
631 433 743 499 fabam
765 433 911 499 frendere
934 438 1081 519 possunt,
1194 435 1197 439 ’

65 522 98 588 id
122 526 174 586 est
195 521 354 606 frangere.
390 544 508 607 porcus
527 543 679 607 graccum
698 527 748 588 est
765 544 884 588 nornen
902 523 1081 608 antiquum,

39 611 122 677 used
147 610 371 693 obscuratum,
402 612 486 694 quod
509 633 594 676 nuno
616 633 691 676 eum
714 615 832 676 vocant
854 611 1003 677 choeron.
1047 613 1082 676 in

65 721 178 766 eorum
201 701 299 782 partu
330 700 455 765 scrofae
482 699 533 764 bis
562 700 614 764 die
641 704 678 765 ut
704 699 820 765 bibant
851 702 964 765 curant
986 701 1081 765 lactis

58 809 174 865 *causa
219 808 332 872 parere
355 787 467 853 dicunt
491 791 640 873 oportere
663 810 789 873 porcos,
818 792 899 872 quot
922 811 1080 853 mammas

64 877 203 960 habeat3
240 875 270 941 si
300 875 409 941 minus
440 877 557 962 pariat,
589 877 799 942 fructuariam
831 876 980 942 idoneam
1014 898 1082 941 non

64 986 151 1051 esse3
189 963 216 1029 si
243 965 352 1048 plures
376 966 498 1048 pariat,
521 987 591 1030 esse
615 969 813 1051 portentum.
857 966 891 1033 in
914 988 977 1050 quo
1000 965 1134 1030 illudis

22 1075 50 1117 ro
64 1052 329 1139 antiquissimum
347 1053 449 1119 fuisse
468 1053 630 1138 scribitur,
649 1056 734 1138 quod
753 1077 806 1119 sus
822 1052 951 1120 Aeneae
965 1054 1081 1120 Lauini

64 1142 206 1227 triginta
228 1163 344 1227 porcos
368 1146 494 1226 peperit
517 1143 620 1207 albos.
646 1144 756 1228 itaque
775 1144 860 1228 quod
879 1143 1082 1227 portenderit

63 1231 204 1313 factum,
232 1235 306 1312 post
332 1230 531 1296 tricesimum
559 1253 679 1296 annum
706 1235 743 1296 ut
770 1230 979 1297 Lauinienses
1007 1253 1080 1297 con-

65 1319 208 1384 diderint
240 1317 395 1402 oppidum
428 1317 558 1384 Albam.
612 1319 707 1384 huius
740 1320 808 1384 suis
840 1341 876 1384 ac
908 1342 1080 1403 porcorum

64 1407 166 1472 etiam
188 1427 274 1473 nunc
296 1407 438 1494 uestigia
461 1408 618 1491 adparent
641 1408 793 1490 [iamne]‚
821 1409 907 1491 qnod
929 1412 963 1472 et
984 1409 1081 1472 simu·

22 1516 50 1558 15
63 1497 153 1562 lacra
175 1517 287 1560 eorum
311 1497 436 1561 ahenea
458 1496 556 1561 etiam
579 1516 665 1560 nunc
688 1496 722 1559 in
745 1495 873 1579 publico
897 1496 1019 1578 posita,
1049 1499 1082 1559 et

65 1606 183 1669 corpus
206 1584 320 1650 matris
345 1585 386 1649 ab
410 1583 640 1668 sacerdotibus,
664 1585 749 1670 quod
772 1583 808 1648 in
830 1585 957 1654 salsura
973 1583 1081 1667 fuerit,

64 1673 314 1739 demonstratur.
341 1674 503 1738 nutricare
522 1676 656 1738 octonos
675 1695 790 1758 porcos
805 1673 959 1757 parvulos
973 1673 1079 1757 primo
1093 1677 1133 1734 19

64 1765 216 1846 possunt:
254 1761 454 1827 incremento
482 1761 570 1827 facto
600 1762 755 1846 aperitis
779 1763 912 1834 dimidia
934 1783 1011 1845 pars
1033 1784 1081 1827 re·

65 1850 190 1915 moveri
214 1850 311 1932 solet,
342 1850 427 1934 quod
454 1873 558 1935 neque
585 1856 690 1915 mater
716 1855 826 1935 potest
855 1850 999 1916 subferre
1022 1851 1082 1933 lae,

20 1957 50 2002 so
64 1961 171 2024 neque
194 1939 402 2024 congenerati
426 1940 596 2005 alescendo
619 1939 778 2005 roborari.
815 1961 834 2003 a
856 1943 953 2023 partu
972 1938 1080 2002 decem

64 2027 180 2093 diebus
199 2026 355 2111 proximis
373 2049 441 2093 non
459 2028 642 2111 producunt
660 2048 699 2090 ex
716 2028 805 2092 haris
825 2031 972 2111 matrem,
991 2047 1081 2110 prae·
1110 2033 1113 2039 '

63 2121 216 2201 terqusm
234 2119 355 2199 potum.
392 2115 578 2199 praeteritis
597 2115 708 2180 decem
727 2115 839 2181 diebus
858 2115 970 2180 sinunt
993 2116 1080 2179 exire

62 2208 197 2291 pastum
224 2205 260 2268 in
289 2204 482 2288 propincum
509 2205 615 2268 locum
644 2203 756 2286 villae,
779 2208 816 2268 ut
838 2205 951 2269 crebro
973 2203 1080 2268 reditu

63 2293 150 2358 lacte
169 2293 254 2357 alere
277 2295 406 2376 possint
428 2313 554 2376 porcos.
605 2314 678 2357 cum
702 2295 886 2375 creuerunt,
913 2291 1081 2374 patiuntur
1092 2293 1134 2350 20

21 2380 159 2466 assequi
181 2384 319 2446 matrem
342 2385 472 2467 pastum
496 2380 647 2464 domique
670 2384 844 2444 secernunt
874 2402 893 2444 a
920 2379 1080 2443 matribus

63 2490 104 2534 ac
128 2490 274 2534 seorsum
301 2473 453 2554 pascunt,
480 2474 518 2534 ut
540 2468 735 2533 desiderium
760 2469 846 2534 ferre
875 2467 1002 2552 possint
1024 2487 1080 2550 pa-

62 2557 167 2623 rentis
190 2558 333 2643 nutricis,
356 2559 442 2644 quod
465 2558 575 2623 decem
598 2558 711 2622 diebus
730 2558 933 2623 adsecuntur.
971 2555 1081 2621 subul-

63 2652 121 2713 cus
146 2645 243 2711 debet
265 2647 500 2730 consuefacere,
523 2647 633 2711 omnia
656 2651 692 2711 ut
714 2646 838 2712 faciant
861 2646 901 2711 ad
920 2645 1083 2710 bucinam.

61 2735 173 2820 primo
197 2756 270 2799 oum
293 2735 510 2818 incluserunt,
533 2757 605 2800 cum
628 2734 817 2801 bucinatum
841 2740 898 2818 est,
923 2735 1083 2818 aperiunt,

19 2843 48 2886 so
62 2826 102 2888 ut
132 2822 218 2888 exire
246 2824 373 2907 possint
400 2825 435 2888 in
463 2845 537 2888 eum
565 2825 686 2907 locum,
716 2825 773 2889 ubi
795 2825 950 2890 hordeum
974 2823 1082 2887 fusum

61 2913 100 2977 in
129 2911 341 2996 longitudine.
387 2913 433 2977 sio
462 2912 550 2977 enim
578 2912 685 2976 minus
708 2913 852 2997 disperit,
878 2933 975 2994 quam
999 2911 1026 2976 si
1049 2911 1084 2972 in

156 3085 287 3157 ascopei
373 3085 504 3156 opertu]
524 3085 593 3154 potu
681 3084 825 3155 FIdicunt]
844 3101 917 3138 nunc
1008 3080 1084 3150 quod

63 3163 99 3212 12
124 3157 192 3228 post
213 3171 263 3212 om.
323 3154 494 3212 labinienses
551 3160 583 3209 13
610 3154 675 3210 alba
732 3161 763 3210 17
792 3153 927 3209 nutricari
980 3157 1083 3222 adipa-

62 3227 190 3300 tiuntur]
214 3226 363 3298 capiuntur
442 3232 475 3281 27
499 3225 622 3280 nutrices
706 3231 739 3280 31
765 3224 891 3294 quamuis
914 3223 945 3278 in
967 3238 1083 3278 aceruos

161 3386 275 3457 ascopi
297 3386 436 3442 Victorius
544 3392 577 3440 13
596 3385 691 3441 albam
714 3402 741 3440 m
849 3390 882 3439 17
908 3381 1082 3438 nutricareo

41 3463 100 3514 ·27
124 3456 243 3512 nutricis
261 3475 287 3513 m
359 3463 399 3512 31.
413 3473 498 3528 quam
515 3458 539 3513 si
557 3456 720 3514 Polittuuus
