2452 3938
137 171 199 235 158
552 168 738 224 VARRONIS

135 320 168 382 et
186 316 307 401 frigore
325 314 432 381 hieme
451 319 484 379 et
503 319 626 380 aestate
645 316 750 380 calore
768 314 1049 380 vehementissime
1069 316 1148 381 haec

135 409 376 472 conmorentur.
422 425 521 469 verno
548 408 695 487 tempore
724 408 756 468 et
788 404 911 470 aestivo
940 403 1008 468 fere
1036 407 1088 469 ter
1115 407 1147 469 in

134 515 244 559 mense
272 493 438 559 mellarius
465 493 623 576 inspicere
651 492 746 556 debet
767 492 931 577 fumigans
953 493 1072 556 leniter
1095 514 1148 558 eas

134 589 168 648 et
195 585 236 649 ab
265 583 427 667 spurcitiis
455 602 594 668 purgare
624 581 732 646 alvum
759 584 793 644 et
822 581 1014 646 vermiculos
1036 581 1149 646 eicere.

83 677 301 757 repraeter-ea
327 675 365 736 ut
392 671 629 736 animadvertat
655 691 696 733 ne
723 669 828 754 reguli
854 670 970 754 plures,
990 669 1146 736 existant:
1174 693 1186 734 s

135 763 266 827 inutiles
290 761 376 826 enim
399 760 482 825 fiunt
504 763 637 843 propter
659 757 842 823 seditiones.
888 758 988 839 [cum]
1018 761 1053 822 ct
1082 759 1150 843 qui-

134 851 210 916 dam
238 849 363 936 dicunt,
389 850 456 915 tria
482 869 601 934 genera
628 868 700 912 cum
728 847 794 910 sint
817 845 933 910 ducum
959 845 995 909 in
1024 846 1149 930 apibus,

134 942 229 1027 niger
251 940 348 1005 ruber
371 937 493 1020 varius,
521 939 559 999 ut
580 933 780 1001 Menecrates
805 934 925 1015 scribit,
949 934 1028 1018 duo,
1056 936 1148 1020 niger

134 1035 168 1096 et
195 1029 318 1110 varius,
346 1027 402 1110 qui
424 1026 471 1088 ita
495 1023 623 1107 melior,
649 1027 686 1087 ut
709 1023 859 1108 expediat
881 1023 1046 1107 mellaria,
1075 1045 1148 1088 cum

135 1119 198 1185 duo
228 1119 293 1183 sint
319 1117 355 1179 irs
377 1111 487 1175 eadem
518 1111 604 1193 alvo,
631 1111 812 1176 interficere
834 1111 977 1196 nigrum,
1005 1133 1081 1176 cum
1104 1113 1146 1176 sit
1159 1135 1182 1174 lo

135 1229 208 1274 cum
227 1206 329 1271 altaro
349 1219 433 1282 rege,
456 1219 527 1263 esse
546 1199 735 1264 seditiosum
756 1204 789 1265 et
807 1221 1009 1283 corrumpere
1029 1200 1147 1285 alvom,

83 1293 219 1383 19quod
241 1291 333 1373 fuget
356 1292 412 1350 aut
435 1308 508 1352 cum
530 1288 739 1353 multitudine
762 1288 901 1374 fugetur.
947 1288 986 1352 de
1011 1289 1147 1373 reliquis

134 1383 247 1469 apibus
270 1375 395 1459 optima
418 1379 468 1439 est
496 1398 598 1460 parva
629 1377 719 1441 varia
741 1377 910 1441 rutunda..
935 1375 988 1440 fur
1010 1377 1070 1461 qui
1092 1399 1146 1443 vo·

133 1469 267 1546 cabitur,
290 1464 330 1528 ab
355 1463 427 1527 aliis
450 1464 552 1548 fucus,
576 1467 627 1529 est
649 1469 720 1529 ater
742 1470 775 1530 et
795 1467 863 1530 lato
881 1468 1003 1530 ventre.
1038 1486 1147 1550 vespa,

133 1576 214 1645 qnae
237 1550 482 1616 similitudinem
504 1553 606 1617 habet
628 1554 708 1638 apis,
730 1575 834 1639 neque
858 1553 945 1619 socia
966 1557 1018 1618 est
1037 1554 1144 1638 operis
1158 1575 1180 1616 ιι

132 1650 165 1712 et
187 1660 302 1706 nocere
322 1641 405 1704 solet
423 1662 544 1724 morsu,
568 1663 665 1725 quam
684 1663 761 1725 apes
781 1665 801 1706 a
819 1664 853 1706 se
873 1645 1053 1707 secernunt.
1083 1642 1145 1706 hae

131 1731 282 1798 differunt
309 1727 395 1790 inter
422 1749 470 1808 se,
498 1731 574 1812 quia
600 1729 689 1794 ferae
719 1735 752 1795 εὴ
780 1731 902 1795 cicures
929 1734 1013 1795 runt.
1061 1751 1145 1796 nunc

130 1820 215 1885 feras
235 1815 316 1900 dico,
339 1816 472 1898 quaein
492 1818 697 1883 silvestribus
716 1819 796 1884 locis
815 1819 989 1902 pascitant,
1011 1819 1145 1903 cicures,

130 1926 211 1993 quae
235 1904 269 1967 in
297 1903 402 1968 cultis.
449 1905 616 1970 silvestres
644 1908 785 1972 minores
814 1910 890 1971 sunt
918 1907 1144 1992 magnitudine

129 1998 162 2059 ct
184 1993 318 2076 pilosae,
341 1993 395 2056 sed
420 1993 550 2078 opifices
574 1997 689 2079 magis.
1156 2017 1178 2057 ro

217 2079 256 2143 ln
279 2080 415 2146 emendo
439 2087 619 2166 emptorem
643 2084 749 2148 videre
774 2087 916 2167 oportet,
944 2083 1078 2147 valeant
1102 2105 1144 2148 an

77 2182 118 2243 20
129 2169 195 2235 sint
227 2189 351 2252 aegrae.
403 2171 554 2235 sanitatis
587 2172 691 2257 signa,
724 2174 751 2236 si
784 2176 860 2237 sunt
890 2171 1077 2255 frequentes
1110 2173 1143 2235 in

129 2256 276 2322 examine
308 2259 341 2321 et
373 2257 400 2322 si
432 2258 553 2325 nitidae
587 2264 621 2324 et
653 2262 681 2324 si
713 2282 794 2343 opus
825 2260 911 2345 quod
937 2258 1064 2324 faciunt
1094 2264 1143 2324 est

128 2345 297 2429 aequabile
329 2367 367 2410 ac
398 2347 477 2412 leve.
522 2349 630 2413 minus
657 2349 837 2414 valentium
869 2348 976 2433 signa,
1010 2349 1039 2412 si
1068 2354 1143 2413 sunt

126 2433 251 2516 pilosae
275 2438 308 2498 et
329 2434 495 2522 horridae,
526 2440 562 2502 ut
583 2437 837 2522 pulverulentae,
864 2437 928 2501 nisi
951 2437 1063 2519 opifici
1087 2457 1177 2501 casas

126 2526 222 2607 urget
244 2526 386 2607 tempus:
419 2527 487 2589 tum
513 2527 599 2590 enim
622 2528 755 2609 propter
778 2526 923 2590 laborem
947 2529 1142 2608 asperantur

75 2622 113 2681 21
127 2631 164 2674 ac
187 2617 397 2677 marcescunt.
433 2614 461 2677 si
480 2614 724 2679 transferendae
744 2617 820 2679 sunt
839 2615 957 2695 [alvos]
983 2615 1016 2677 in
1041 2615 1142 2679 alium

126 2698 242 2776 locum,
265 2699 297 2762 id
320 2701 427 2765 facere
451 2701 623 2787 diligenter
642 2707 772 2786 oportet
790 2706 823 2766 et
841 2706 998 2786 tempora,
1022 2703 1141 2785 quibus

124 2785 158 2849 id
181 2786 388 2869 potissimum
416 2789 529 2874 facias,
558 2790 878 2857 animadvertendum
902 2794 934 2854 et
961 2791 1047 2875 loca,
1077 2811 1140 2875 quo

125 2875 317 2958 transferas,
348 2876 465 2942 idonea
495 2879 744 2963 providendum:
780 2883 939 2962 tempora,
971 2883 1009 2942 ut
1039 2900 1140 2944 verno
1153 2900 1175 2941 ac

214 3067 332 3140 lhaec]
350 3067 396 3123 hic
433 3070 565 3125 3leuiter
606 3070 765 3126 9mellaria
801 3076 834 3125 10
849 3070 878 3124 in
892 3086 942 3125 om.
982 3076 1015 3125 13
1031 3072 1140 3140 optima

124 3140 153 3193 et
171 3155 258 3207 parua
321 3145 354 3194 14
373 3142 416 3196 est
434 3140 508 3196 alter
526 3144 569 3195 est
586 3141 646 3196 lato
702 3147 734 3196 17
774 3142 834 3213 nia]
854 3156 926 3210 quae
988 3146 1021 3194 18
1042 3141 1092 3210 qni
1110 3143 1140 3196 in

124 3206 300 3264 siluestribus
374 3217 406 3268 18
425 3212 565 3282 pastitant
583 3211 737 3282 (pascitant
788 3216 798 3283 )
871 3217 905 3266 25
924 3210 1030 3282 opificii

213 3377 226 3424 1
247 3373 300 3426 hae
324 3372 365 3426 ccl
387 3372 457 3426 haec
478 3371 613 3427 Geraercs
685 3377 700 3425 9
723 3370 897 3426 melliarioc
971 3377 1004 3424 13
1029 3344 1149 3440 optima!

121 3443 456 3568 llltrllllamlumdm
529 3449 562 3496 14
587 3444 648 3497 ater
676 3442 798 3512 Scaliycr
871 3446 904 3496 18
933 3457 1005 3510 quae
1031 3442 1061 3496 in
1091 3442 1137 3496 sil·
