2454 3930
315 144 446 201 servu
459 123 700 205 ιιιιιιιιιιιι
718 149 785 204 ιιι.
801 148 814 202 ι
832 154 903 203 ι-ι
1070 147 1112 212 ιι

99 298 228 380 iubeat
230 317 334 360 arram
349 297 494 379 tangere,
508 294 671 380 despuere,
685 295 828 359 ieitmum
843 297 984 360 eantare
997 293 1113 378 Multa,
1125 303 1166 360 28

99 389 247 471 inquam,
280 384 358 485 item
392 383 456 448 alia
483 384 639 448 miracula
667 384 753 466 apud
780 382 972 448 Sasernas
963 383 1114 466 mveuies,

99 497 183 560 quae
212 471 352 538 omnia
346 475 432 536 sunt
455 471 580 536 diversa
604 472 644 535 ab
670 472 742 555 agri
765 471 831 536 cult
817 476 891 536 tura
915 475 948 536 et
970 471 1043 534 ideo
1066 492 1114 534 re·

98 563 273 647 pudienda
310 558 410 634 Quasi
424 581 500 625 vero
501 561 642 644 ,iuquit
660 582 728 624 non
749 560 842 662 apud·
849 564 973 625 ceteros
988 580 1115 660 quoque

71 652 277 735 ascriptores
305 648 387 712 talia
413 649 626 750 reperiantur.
672 671 714 712 an
742 659 807 714 non
833 650 868 712 in
892 649 1003 734 magni
1026 648 1115 712 illius

99 739 237 807 Catonis
260 738 358 821 libro,
387 737 442 820 qui
465 737 504 800 de
528 737 598 821 agri
622 737 689 801 cult
675 741 748 801 tura
771 740 822 801 est
845 738 911 801 edit
897 741 964 819 tus,
995 736 1116 821 scripta

101 831 179 894 sunt
201 826 364 911 permulta
387 825 517 907 similia,
540 830 576 890 ut
599 825 689 908 haec,
712 847 806 910 quem
830 825 871 890 ad
895 826 1026 890 modum
1046 826 1115 908 pla-

101 919 234 983 centam
257 914 363 979 facere
386 917 545 998 oporteat,
569 936 632 997 quo
655 918 752 997 paeto
772 914 884 999 libum,
907 936 970 997 qua
990 915 1116 978 ratione

101 1026 222 1090 pernas
252 1002 391 1068 sallere?
428 1002 514 1066 Illud
537 1024 603 1067 non
627 1001 716 1080 dicis,
744 1003 865 1086 inquit.
875 1003 1008 1088 Agrius,
1031 1000 1118 1086 quod

61 1117 89 1156 ιο
103 1090 260 1177 scribit,
264 1092 292 1155 si
315 1090 430 1155 velis'
420 1112 455 1153 ιιι
478 1091 628 1156 convivio
653 1055 791 1155 multum
810 1090 922 1155 bibere
941 1111 1116 1175 seuereque

104 1183 258 1258 libenter,
282 1183 356 1244 aute
380 1200 450 1243 esse
468 1182 599 1296 oportet
584 1180 794 1244 tbrassicam
813 1180 946 1245 crudam
965 1203 1003 1245 ex
1022 1183 1114 1244 aceto

109 1270 215 1352 aliqua
235 1268 316 1332 folia
339 1267 501 1352 quinque’.

192 1355 312 1457 Igitur,
333 1356 439 1439 inquit
461 1357 630 1441 Agrasius,
654 1378 736 1458 quae
755 1357 949 1441 diiungenda
968 1361 1144 1423 essental

106 1446 235 1512 cultura
262 1445 352 1510 auius
381 1444 469 1508 modi
498 1445 577 1528 sint,
611 1445 763 1528 quoniam
792 1445 910 1509 discret
896 1449 978 1527 tum,
1013 1445 1100 1509 de‘'
1078 1467 1119 1508 ιιι

64 1557 91 1599 ιι
105 1535 205 1599 rebus
237 1554 318 1617 quac
351 1532 413 1613 [in]
448 1533 584 1598 scientia
616 1533 721 1597 sitin
748 1532 882 1597 colendo
909 1554 969 1597 ιιοι
998 1533 1119 1615 docete,

107 1645 161 1688 ars
184 1622 219 1686 id
243 1643 285 1685 an
309 1621 384 1704 quid
408 1621 744 1706 aliud,etaqu1bus
768 1622 949 1685 carceribus
973 1583 1120 1686 decurrat

108 1711 150 1776 ad
173 1714 288 1774 metas.
328 1708 420 1774 Stolo
444 1731 517 1774 eum
541 1711 721 1862 aspexisset
745 1708 900 1794 Scrofam,
923 1710 983 1788 Tu,
1006 1710 1120 1798 inquit,
1168 1760 1174 1766 .

107 1804 142 1864 ιι
165 1803 239 1864 aeta
204 1801 330 1862 tteet
351 1797 475 1863 honore
498 1802 531 1862 et
554 1798 656 1862 scient
657 1800 689 1862 ia
712 1799 797 1883 quod
828 1803 989 1884 praestas,
1017 1800 1120 1863 dicere
1216 1822 1224 1837 ·

108 1888 217 1952 debes.
259 1885 319 1951 Ille
341 1907 408 1950 non
432 1890 596 1971 gravatus,
619 1886 772 1971 Primum,
795 1887 912 1971 inquit,
934 1909 1001 1951 non
1025 1887 1120 1951 modo

62 1997 93 2037 ιο
108 1979 159 2040 est
187 1997 254 2059 ars,
292 1974 408 2038 sedt
375 1975 475 2038 etiam
501 1976 684 2040 necessaria
712 1998 748 2040 ae
776 1996 909 2061 magna3
943 1998 1044 2060 eaque
1073 1980 1122 2040 est

108 2063 256 2147 scientia,
276 2083 356 2146 quae
376 2062 493 2127 sintin
513 2085 639 2149 quoque
659 2084 739 2147 agro
760 2064 895 2129 serenda
914 2086 951 2129 ac
965 2063 1121 2148 facienda,

108 2175 173 2238 quo
193 2157 281 2216 terra
299 2151 458 2216 maximos
477 2155 635 2236 perpetuo
654 2153 768 2217 reddat
785 2153 919 2217 fructus.
948 2153 1016 2217 eius
1035 2153 1185 2235 prin-1111

108 2242 195 2324 sipia
229 2243 305 2305 sunt
337 2239 461 2321 eadem,
495 2244 577 2324 quae
604 2240 717 2305 mundi
746 2262 816 2305 esse
844 2241 970 2305 Ennius
1000 2240 1122 2323 scribit,

109 2350 208 2413 aqua,
235 2332 335 2408 terra,
370 2329 477 2391 anima
505 2332 538 2392 et
566 2330 623 2394 sol.
668 2330 747 2393 haec
775 2330 862 2393 enim
890 2329 1122 2414 cognoscenda,

68 2437 97 2479 ιι
111 2419 303 2502 priusquam
316 2416 415 2481 iacias
431 2418 570 2501 semina,
589 2419 674 2502 quod
689 2418 817 2483 initium
831 2419 994 2483 fructuum
1010 2417 1122 2482 oritur.

202 2608 367 2676 1dispuere
453 2613 470 2661 4
493 2607 597 2679 iuquit]
622 2608 736 2676 inquam
820 2613 854 2662 14
877 2608 1028 2663 discretum
1051 2608 1123 2663 stolo

112 2697 175 2735 cum
191 2679 348 2748 aspexisset
361 2679 482 2734 scrofam
495 2681 527 2733 tu
541 2679 634 2746 inquit
647 2685 676 2733 et
689 2681 783 2736 aetate
798 2679 945 2735 ethonore
961 2681 989 2734 et
1006 2681 1124 2734 scientia

112 2750 190 2833 quod
207 2751 336 2819 praestas
356 2748 448 2804 dicere
467 2749 552 2805 debes
570 2749 619 2804 ille
637 2767 694 2804 non
708 2753 842 2820 ςιιιιιιιιι
857 2750 924 2805 de'
906 2769 941 2805 ιιι
954 2751 1037 2805 rebus
1053 2767 1124 2819 quae
1160 2783 1168 2801 .

112 2821 263 2876 inscientia
286 2821 323 2874 sit
344 2819 491 2875 incolendo
515 2838 565 2876 nos
590 2820 672 2874 docet
694 2839 738 2875 ars
761 2821 791 2875 id
815 2839 851 2875 an
874 2821 942 2890 quid
965 2821 1042 2876 aliud
1060 2824 1125 2877 eta

112 2892 217 2962 quibus
235 2890 393 2946 carceribus
412 2890 541 2946 decurrat
559 2892 685 2946 admetus
704 2892 825 2962 primum
843 2892 936 2961 inquit
999 2900 1033 2946 22
1053 2910 1137 2961 quae-

111 2967 189 3018 terra
207 2964 273 3031 (qus
291 2964 367 3016 terra
386 2963 443 3016 cod
459 2963 537 3027 Pur,
556 2979 684 3031 quaeque
702 2964 778 3017 terra
791 2965 953 3034 apoqrapbc
967 2969 1125 3029 recentiora,

114 3049 263 3172 ma
286 3033 551 3158 rattruut
572 3050 798 3173 {sitisses
817 3036 1017 3173 ruffus
1031 3005 1126 3160 etlttl

115 3176 181 3230 turi
198 3192 286 3230 mauu
302 3175 400 3244 scripti
417 3177 517 3244 omues)

206 3358 220 3405 1
242 3350 378 3421 despuere
396 3350 541 3407 Iucuudus
648 3357 665 3405 4
688 3352 768 3420 quasi
791 3368 857 3406 uero
878 3353 971 3420 inquit
989 3352 1126 3422 Agrasius

125 3421 240 3478 Ursinus
296 3428 330 3475 14
349 3421 420 3476 de''
401 3439 436 3475 ιιι
450 3421 585 3477 rebus—
602 3428 634 3478 17
649 3426 739 3478 metas
753 3428 817 3478 aute
831 3423 958 3479 Stolrt-
1012 3430 1044 3478 19
1063 3442 1128 3495 gra

122 3494 199 3569 retus
217 3494 389 3562 transposuit
407 3494 554 3549 Iracundus

171 3591 258 3632 Vacuo
272 3602 326 3632 usa
340 3601 408 3632 arsa.
951 3589 968 3635 2
