2452 3938
259 174 388 230 RERVM
406 173 642 232 RVSTIGARVM
660 176 727 234 LlB.
746 176 772 230 11
791 181 860 230 2-a
1033 175 1075 241 87

151 318 213 386 Oui
237 317 418 405 Cossinius,
447 319 607 396 Quoniam
635 321 716 386 satis
745 321 878 406 balusii,
905 322 1024 406 inquit,
1055 335 1131 391 οΙΙΙ

60 409 220 474 Faustule
240 411 361 491 noster,
385 409 493 493 accipe
513 431 531 474 a
545 431 597 474 me
611 431 696 474 nunc
710 409 883 475 Homerico
897 409 1077 475 Melanthio

61 497 160 563 cordo
175 498 214 561 de
228 497 376 582 capellis,
395 501 428 562 εὴ
443 519 537 582 quem
551 497 592 562 ad
606 498 738 562 modum
753 500 911 582 [oportet]
935 499 1077 564 breviter

62 588 217 670 oporteat
249 585 367 670 dicere,
404 585 499 652 disce.
550 585 606 672 qui
638 587 805 671 caprinum
837 608 969 673 gregem
1001 608 1077 651 con-

34 676 200 740 astituere
218 674 298 757 vult,
317 675 351 738 in
371 673 519 760 eligendo
539 675 776 740 animadvertat
794 679 922 759 oportet
935 675 1077 760 primum

61 767 215 840 aetatem,
237 766 274 826 ut
293 784 366 827 eam
383 766 487 848 paret,
509 785 591 848 quae
612 764 677 828 iam
698 763 782 828 ferre
800 763 906 847 possit
926 764 1076 848 fructum,

61 855 95 917 et
128 851 168 916 de
198 851 239 915 iis
272 872 343 915 eam
375 851 498 936 potius,
530 873 612 937 quae
646 852 784 916 diutius:
828 853 957 917 novella
990 855 1076 916 enim

11 941 15 948 ’
61 962 162 1025 quam
179 944 273 1004 vetus
293 938 414 1005 utilior.
443 940 482 1004 de
500 939 608 1005 forma
626 940 800 1006 videndum
818 944 855 1005 ut
874 941 940 1006 sint
953 941 1106 1022 firmae,2

61 1049 213 1113 magnae,
236 1048 353 1113 corpus
376 1028 446 1092 leve
468 1032 505 1093 ut
526 1029 684 1114 habeant,
712 1030 825 1094 crebro
848 1029 932 1114 pilo,
961 1029 1077 1094 nisisi

19 1141 46 1181 ιο
63 1118 200 1204 glabrae
229 1122 305 1180 sunt
333 1112 412 1203 (duo
440 1117 526 1181 enirn
555 1138 676 1203 genera
703 1113 843 1204 earum):
881 1119 940 1183 sub
970 1120 1078 1183 rostra

62 1207 143 1270 duas
166 1209 204 1269 ut
225 1204 419 1270 mammulae
442 1205 583 1290 pensiles
605 1207 757 1288 habeant,
781 1206 866 1290 quod
890 1228 946 1272 eae
969 1206 1078 1272 fecun-

62 1295 185 1359 diores:
217 1294 316 1358 ubere
348 1294 415 1358 sint
446 1294 627 1378 grandiore,
660 1297 696 1357 ut
728 1298 761 1358 et
791 1295 842 1360 lac
874 1296 1011 1361 multum
1045 1298 1078 1360 et

62 1383 185 1467 pingue
208 1381 351 1446 habeant
373 1403 432 1465 pro
457 1382 621 1466 portione:
661 1382 770 1447 hircus
795 1384 942 1447 molliore
966 1387 999 1446 et
1020 1405 1077 1467 po-

61 1471 228 1536 tissimum
255 1469 323 1554 pilo
352 1470 427 1535 albo
456 1492 494 1534 ac
517 1470 639 1536 cervice
663 1474 696 1533 et
719 1470 803 1534 collo
826 1471 934 1552 brevi,
957 1491 1076 1555 gurgu-

21 1583 49 1624 15
62 1560 151 1625 lione
169 1559 327 1642 longiore.
363 1558 478 1624 melior
495 1559 534 1623 fit
558 1579 645 1644 grex,
669 1557 697 1622 si
719 1580 785 1622 non
804 1562 854 1624 est
872 1579 912 1622 ex
930 1558 1075 1623 collectis
1154 1573 1159 1587 ¹

63 1651 276 1734 conparatus,
309 1648 365 1712 sed
396 1669 434 1711 ex
465 1648 625 1712 consuetis
653 1669 726 1712 una.
772 1647 811 1712 de
839 1647 974 1712 seminio
1004 1646 1105 1712 dico3

63 1736 186 1820 eadem,
218 1757 301 1820 quae
334 1734 463 1802 Atticus
496 1736 531 1799 in
564 1735 692 1801 ovibus:
736 1735 799 1800 hoc
832 1736 934 1821 aliter,
967 1737 1076 1801 ovium

63 1846 175 1890 semen
198 1824 323 1889 tardius
347 1846 431 1908 esse,
461 1846 524 1910 quo
548 1847 605 1890 eae
629 1825 695 1904 sint
718 1824 925 1909 placidiores3
963 1827 1076 1890 contra

63 1913 186 1998 caprile
213 1912 365 1978 mobilius
394 1934 478 1995 esse,
512 1914 550 1978 de
578 1935 713 1998 quarum
742 1913 915 1978 velocitate
942 1914 976 1977 in
1005 1912 1076 1976 Ori-

21 2002 180 2088 reginum
202 2002 285 2065 libro
305 1999 392 2066 'Cato
416 2001 529 2065 scribit
546 2002 636 2083 haec,
660 1999 705 2064 ‘in
725 1999 873 2066 Sauracti
892 2005 921 2065 el
937 1999 1077 2064 Fiscello

64 2111 182 2174 caprae
213 2089 301 2154 ferae
334 2094 417 2172 sunt,
450 2111 531 2173 quae
564 2090 685 2154 saliunt
716 2110 734 2152 e
767 2111 844 2153 saxo
876 2088 974 2172 perles
1004 2088 1077 2172 plus

64 2177 266 2262 sexagenos'.
303 2199 380 2242 oves
405 2177 498 2260 enim,
523 2199 603 2261 quas
623 2177 797 2260 pascimus,
821 2182 911 2241 ortae
936 2178 1076 2242 suntab

64 2266 181 2333 ovibus
215 2265 308 2330 feris:
345 2267 390 2330 sic
423 2287 502 2350 quas
531 2265 648 2330 alimus
676 2285 786 2348 caprae
814 2287 833 2328 a
863 2266 969 2349 capris
999 2265 1077 2329 feris

64 2359 172 2439 ortae,
210 2377 229 2418 a
262 2353 334 2439 quis
366 2358 501 2437 propter
532 2353 665 2416 Italiam
698 2350 854 2436 Caprasia
885 2352 993 2416 insula
1026 2357 1076 2416 est

22 2466 51 2507 ss
64 2443 177 2508 nomin
198 2446 242 2507 ta.
288 2443 327 2506 de
357 2443 464 2525 capris
491 2441 577 2526 quod
605 2441 740 2505 meliore
769 2442 891 2505 semine
914 2461 970 2504 eae
994 2448 1107 2525 quae4

63 2532 116 2597 bis
141 2532 280 2615 pariant,
303 2552 342 2595 ex
365 2531 416 2595 his
437 2530 646 2614 potissimum
665 2551 771 2594 mares
791 2530 897 2594 solent
916 2528 1077 2593 summitti

64 2620 108 2686 ad
136 2620 344 2685 admissurae.
398 2618 530 2703 quidam
563 2618 662 2682 etiam
694 2618 774 2683 dant
806 2639 938 2702 operam
970 2620 1008 2681 ut
1040 2639 1079 2682 ex

64 2731 279 2777 ...4—

158 2834 173 2881 2
196 2829 284 2900 nune]
315 2844 377 2882 cum
406 2833 468 2895 (con
495 2828 656 2898 apographa
683 2828 828 2898 nonnulla)
910 2832 926 2881 8
954 2827 988 2881 de
1016 2831 1080 2882 ante

64 2900 159 2954 forme
181 2914 231 2953 om.
308 2905 324 2953 9
351 2898 426 2969 leve]
453 2899 517 2953 lene
591 2905 622 2952 11
647 2898 723 2968 quod
745 2901 798 2953 hae
822 2896 908 2968 (quod
931 2914 981 2952 eae
1009 2897 1078 2952 Vict.

65 2976 93 3025 et
110 2971 271 3040 apographa
289 2971 436 3039 nonnulla)
520 2976 552 3024 13
571 2968 712 3040 molliore]
732 2969 859 3024 mulion's
941 2974 975 3022 14
993 2968 1079 3023 breue

66 3047 101 3095 16
125 3040 236 3094 siminio
326 3046 360 3095 20
387 3041 416 3094 in
443 3041 564 3095 sauracti
590 3039 697 3094 fiscello
721 3041 760 3109 (in
784 3039 888 3094 soracti
910 3038 1015 3093 fiscello
1039 3038 1078 3105 V)
1161 3040 1163 3044 ’

65 3117 102 3166 23
122 3127 224 3181 caprae
242 3127 292 3166 om.
356 3117 391 3166 26
411 3110 550 3166 summitti
568 3110 736 3165 admissurae
755 3110 904 3180 (summitti
922 3109 959 3162 ad
976 3106 1080 3162 admis-

65 3199 146 3237 suras
160 3183 286 3251 plurima
304 3184 476 3253 apoprapbc)

158 3382 174 3430 8
194 3377 228 3432 de
246 3376 338 3433 forma
355 3394 382 3431 m
400 3383 425 3432 et
442 3376 627 3447 superscripto
646 3375 680 3427 de
699 3373 756 3428 cod.
773 3372 839 3428 Par.
912 3371 1006 3426 elene
1029 3370 1080 3426 Ur-

66 3449 147 3503 sinus
219 3453 251 3502 13
270 3446 393 3502 molliori
407 3466 433 3503 m
507 3454 541 3503 20
564 3445 594 3500 in
613 3443 741 3500 Sauracti
760 3446 789 3497 et
806 3441 928 3497 Fiscello
949 3441 1081 3498 Glaucrus

66 3518 135 3575 Ital.
154 3524 212 3576 cut.
226 3522 326 3590 121645
