2452 3938
493 210 700 268 PRAEFATIO
1070 217 1096 271 V

78 356 200 441 petitas
225 377 295 420 esse
320 357 512 420 credendum
535 362 593 440 est,
617 359 645 422 si
666 358 762 422 modo
782 359 919 422 aliorum
939 360 1095 425 librorum

76 445 276 510 auctoritate
300 445 379 509 fides
398 444 536 509 Victorii
561 446 778 510 confirmatur.
807 451 949 511 ceterum
968 452 1001 512 et
1020 448 1094 515 Vic-

75 533 184 598 torius
213 537 246 596 et
274 533 454 598 Politianus
484 535 624 598 codicem
652 536 686 597 in
715 539 859 600 extrema
884 541 976 619 parte
999 538 1094 602 muti-

76 623 185 687 latum
208 621 380 686 habebant.
426 644 501 687 nam
524 621 701 704 posthaec
724 625 824 688 verba
847 622 897 687 III
922 625 979 702 17,
1002 626 1024 689 4
1048 630 1094 690 tu-

76 713 215 776 bicinum
229 731 382 792 praecum,
406 732 487 793 quae
511 716 654 775 extrema
678 733 747 775 esse
771 716 805 775 in
828 714 936 777 codice
960 717 1094 798 uterque

76 799 261 881 adnotavit,
290 799 414 882 reliqua
440 804 509 862 tum
537 819 604 864 non
632 801 836 883 legebantur,
866 802 920 865 sed
949 804 1094 867 abscissa

76 887 267 953 membrana
289 891 461 971 perierant.

168 975 219 1039 Ex
248 998 346 1039 manu
374 977 501 1057 scriptis
524 976 633 1065 libris,
661 977 716 1060 qni
740 979 853 1061 quinto
877 978 999 1042 decimo
1023 1001 1093 1043 sae-

79 1066 152 1130 culo
176 1064 217 1128 ab
239 1063 333 1151 Italis
357 1087 395 1127 ex
418 1063 584 1136 Marciano
608 1065 716 1130 codice
741 1066 893 1150 descripti
917 1073 1001 1149 sunt,
1025 1089 1093 1131 om·

80 1155 172 1218 nium
194 1174 273 1235 quos
297 1151 363 1215 vidi
388 1153 629 1217 accuratissime
653 1175 691 1216 ax
715 1155 893 1239 archetypo
920 1178 1092 1238 expressus

85 1246 136 1303 est
160 1239 458 1305 Laurentianus
489 1242 545 1314 51,
568 1242 591 1306 4
614 1241 812 1325 chartaceus,
842 1245 897 1327 qni
920 1248 985 1308 tres
1010 1243 1092 1308 Var-

85 1327 175 1392 ronis
196 1328 292 1392 libros
315 1330 469 1412 continet,
492 1330 547 1392 sed
566 1331 700 1394 tertium
719 1333 752 1394 in
772 1331 835 1395 fine
854 1332 968 1396 eodem
987 1333 1091 1417 modo,

81 1426 178 1501 atque
200 1417 233 1480 in
255 1418 328 1499 ipso
354 1417 530 1499 archetypo
555 1441 574 1481 a
596 1418 759 1482 Politiano
783 1426 815 1482 et
834 1420 981 1484 Victorio
1006 1423 1093 1504 lege-

78 1507 184 1587 batur,
208 1505 394 1569 mutilatum
423 1506 531 1570 habet.
577 1506 719 1569 eiusdem
744 1508 881 1590 generis,
908 1508 962 1570 sed
988 1510 1091 1591 magis

75 1595 192 1659 vitiosa
232 1594 371 1678 scriptus
409 1599 459 1658 est
496 1594 594 1658 codex
632 1592 831 1658 Caesenas
874 1595 1092 1659 bibliothecae

77 1682 329 1746 Malatestianae
353 1683 410 1763 24,
434 1684 455 1747 2
478 1684 758 1766 membranaceus,
787 1685 907 1767 inquo
932 1689 1007 1766 post
1031 1682 1091 1748 Oo-

79 1771 231 1835 lnmellae
256 1776 288 1834 et
312 1769 444 1835 Catonis
468 1772 569 1835 libros
594 1771 707 1854 scripti
731 1776 807 1836 sunt
827 1772 985 1837 Varronis
1007 1773 1093 1838 libri.

74 1883 153 1925 nam
184 1859 220 1922 in
246 1859 309 1922 boc
337 1881 463 1943 quoqne
491 1861 606 1924 tertius
635 1861 717 1924 liber
746 1862 886 1945 primum
918 1882 1020 1944 usqne
1051 1861 1091 1925 ad

76 1971 115 2013 ea
138 1947 249 2030 verba,
271 1946 307 2009 in
329 1948 444 2030 quibus
463 1947 646 2012 Marcianus
670 1949 770 2012 codex
789 1949 972 2026 desinebat,
995 1952 1092 2032 scrip-

75 2043 130 2103 tus
152 2039 237 2118 erat,
259 2040 373 2118 postea
392 2037 502 2100 eadem
522 2037 650 2119 quidem
666 2060 772 2118 manu,
793 2038 848 2101 sed
865 2039 929 2101 alio
944 2045 1090 2119 tempore

76 2148 116 2189 ea
144 2145 226 2207 quae
255 2124 388 2188 deerant
415 2126 449 2188 in
477 2130 620 2190 extrema
647 2125 723 2188 libri
752 2129 844 2208 parte
875 2127 985 2190 addita
1008 2130 1092 2190 sunt.

79 2213 261 2296 antiquiore
287 2221 447 2295 tempore,
483 2235 555 2277 cum
586 2216 750 2297 integrum
778 2214 840 2277 fuit
870 2215 1092 2297 archetypum,

78 2323 119 2366 ex
148 2322 185 2365 eo
214 2301 396 2384 descriptus
425 2305 475 2364 est
502 2301 602 2365 codex
629 2301 836 2365 Parisinus
867 2303 999 2366 6884Α
1023 2324 1091 2365 onr-

77 2391 168 2454 nium
184 2389 239 2473 qni
260 2411 346 2453 nunc
366 2394 539 2473 supersunt
555 2389 700 2453 codicum
715 2389 969 2472 antiquissimus.
993 2390 1091 2454 tertio

78 2479 203 2544 decimo
232 2477 318 2542 enim
349 2479 476 2542 saeculo
505 2479 556 2541 vel
585 2478 684 2541 etiam
708 2476 768 2541 sub
792 2477 890 2540 finem
913 2476 1092 2541 duodecimi

78 2567 200 2631 saeculi
227 2567 368 2650 scriptus
398 2571 447 2629 est
475 2570 507 2629 et
535 2589 607 2630 cnm
636 2562 770 2631 Catonis
799 2565 837 2629 de
867 2567 937 2648 agri
966 2566 1092 2629 cultura

77 2655 165 2717 libro
188 2653 286 2718 habet
308 2659 374 2718 tres
397 2655 499 2718 libros
522 2654 689 2719 Varronis.
734 2655 770 2717 in
797 2654 904 2739 prima
932 2655 1092 2737 scriptura

78 2742 183 2807 multa
201 2743 322 2827 partim
341 2743 382 2806 ab
403 2743 513 2807 eodem
533 2744 692 2828 scriptore
710 2744 830 2826 partim
856 2743 929 2825 alia,
952 2748 989 2806 ut
1007 2744 1092 2807 vide·

78 2835 143 2911 tur,
174 2853 282 2913 manu,
314 2831 369 2894 sed
403 2832 516 2895 eodem
546 2831 614 2894 fere
647 2834 794 2916 tempore
827 2835 970 2896 correcta
1002 2836 1090 2914 sunt3

77 2919 147 2982 alia
173 2939 249 2982 vero
276 2920 398 2983 recenti
427 2923 532 2982 aetate
560 2920 612 2983 vel
640 2918 675 2982 in
701 2919 782 3002 ipsis
811 2919 918 2983 verbis
946 2924 1091 2984 correcta

78 3008 129 3072 vel
153 3007 187 3070 in
211 3009 412 3092 marginibus
437 3007 600 3090 adscripta
623 3011 707 3071 sunt.
744 3007 785 3072 ad
807 3007 948 3071 Parisini
973 3008 1091 3072 codicis

77 3099 220 3160 aetatem
257 3097 403 3178 proxime
440 3096 563 3160 accedit
600 3096 799 3160 Medicens
836 3097 887 3158 vel
921 3095 1090 3160 Lauren-

77 3185 213 3247 tianus
232 3184 352 3266 30,10,
371 3184 426 3267 qui
444 3189 520 3268 post
533 3183 676 3249 Vitruvii
696 3183 735 3248 de
755 3184 971 3248 architectura
990 3184 1091 3247 libros

77 3270 214 3337 Catonis
228 3271 349 3336 librum
365 3273 403 3336 de
414 3273 485 3356 agri
496 3273 623 3337 cultura
638 3276 671 3336 et
684 3271 842 3336 Varronis
856 3270 959 3334 libros
975 3277 1090 3354 quarto

79 3360 202 3425 decimo
227 3361 356 3425 sacculo
380 3362 519 3443 scriptos
541 3361 650 3426 habet.
682 3360 744 3424 hoc
763 3360 839 3424 olim
859 3362 988 3442 praeter
1007 3359 1091 3423 Mar-

78 3449 206 3513 cianum
231 3448 373 3513 codicem
393 3449 574 3512 Politianus
594 3454 627 3512 et
644 3448 810 3513 Victorius
829 3449 879 3511 usi
898 3451 982 3513 sunt.
1014 3471 1091 3512 nam

81 3540 113 3601 et
135 3537 319 3602 Politianus
343 3538 377 3600 in
400 3537 603 3620 marginibus
627 3537 770 3601 eiusdem
788 3536 948 3620 editionis,
970 3538 1004 3600 in
1028 3559 1092 3621 qua
