<?xml version="1.0" encoding="UTF-8"?>
<!DOCTYPE html PUBLIC "-//W3C//DTD XHTML 1.0 Transitional//EN"
    "http://www.w3.org/TR/xhtml1/DTD/xhtml1-transitional.dtd">
<html xmlns="http://www.w3.org/1999/xhtml" xml:lang="en" lang="en">
 <head>
  <title>
</title>
<meta http-equiv="Content-Type" content="text/html;charset=utf-8" />
  <meta name='ocr-system' content='tesseract 3.04.00' />
  <meta name='ocr-capabilities' content='ocr_page ocr_carea ocr_par ocr_line ocrx_word'/>
</head>
<body>
  <div class='ocr_page' id='page_1' title='image "./mterentivarroni00keilgoog/mterentivarroni00keilgoog_0157.png"; bbox 0 0 2452 3938; ppageno 0'>
   <div class='ocr_carea' id='block_1_1' title="bbox 108 159 702 227">
    <p class='ocr_par' dir='ltr' id='par_1_1' title="bbox 108 159 702 227">
     <span class='ocr_line' id='line_1_1' title="bbox 108 159 702 227; baseline 0.002 -14"><span class='ocrx_word' id='word_1_1' title='bbox 108 163 171 227; x_wconf 84' lang='lat'><strong>142</strong></span> <span class='ocrx_word' id='word_1_2' title='bbox 515 159 702 217; x_wconf 80' lang='lat' dir='ltr'><strong>vnnaours</strong></span> 
     </span>
    </p>
   </div>
   <div class='ocr_carea' id='block_1_2' title="bbox 75 304 1149 3151">
    <p class='ocr_par' dir='ltr' id='par_1_2' title="bbox 75 304 1149 3135">
     <span class='ocr_line' id='line_1_2' title="bbox 106 304 1119 391; baseline -0.002 -19"><span class='ocrx_word' id='word_1_3' title='bbox 106 308 190 373; x_wconf 85' lang='lat' dir='ltr'><strong>xime</strong></span> <span class='ocrx_word' id='word_1_4' title='bbox 222 307 381 372; x_wconf 87' lang='lat' dir='ltr'><strong>villaticas</strong></span> <span class='ocrx_word' id='word_1_5' title='bbox 414 306 562 391; x_wconf 80' lang='lat' dir='ltr'>gallinas.</span> <span class='ocrx_word' id='word_1_6' title='bbox 617 326 634 369; x_wconf 93' lang='lat' dir='ltr'><strong>e</strong></span> <span class='ocrx_word' id='word_1_7' title='bbox 667 304 739 389; x_wconf 90' lang='lat' dir='ltr'><strong>quis</strong></span> <span class='ocrx_word' id='word_1_8' title='bbox 771 305 805 369; x_wconf 92' lang='lat' dir='ltr'><strong>in</strong></span> <span class='ocrx_word' id='word_1_9' title='bbox 840 305 986 388; x_wconf 88' lang='lat' dir='ltr'><strong>parando</strong></span> <span class='ocrx_word' id='word_1_10' title='bbox 1021 305 1119 390; x_wconf 82' lang='lat' dir='ltr'><strong>eligat</strong></span> 
     </span>
     <span class='ocr_line' id='line_1_3' title="bbox 106 392 1118 481; baseline -0.004 -19"><span class='ocrx_word' id='word_1_11' title='bbox 106 399 236 481; x_wconf 75' lang='lat' dir='ltr'><strong>oportet</strong></span> <span class='ocrx_word' id='word_1_12' title='bbox 258 396 427 478; x_wconf 77' lang='lat' dir='ltr'><strong>fecundas,</strong></span> <span class='ocrx_word' id='word_1_13' title='bbox 455 395 644 478; x_wconf 88' lang='lat' dir='ltr'><strong>plerumque</strong></span> <span class='ocrx_word' id='word_1_14' title='bbox 666 392 846 459; x_wconf 89' lang='lat' dir='ltr'><strong>rubicunda</strong></span> <span class='ocrx_word' id='word_1_15' title='bbox 868 393 996 478; x_wconf 88' lang='lat' dir='ltr'><strong>pluma,</strong></span> <span class='ocrx_word' id='word_1_16' title='bbox 1018 394 1118 477; x_wconf 81' lang='lat' dir='ltr'><strong>nigris</strong></span> 
     </span>
     <span class='ocr_line' id='line_1_4' title="bbox 105 482 1118 569; baseline -0.004 -19"><span class='ocrx_word' id='word_1_17' title='bbox 105 486 225 569; x_wconf 85' lang='lat' dir='ltr'><strong>pinnis,</strong></span> <span class='ocrx_word' id='word_1_18' title='bbox 238 485 406 569; x_wconf 83' lang='lat' dir='ltr'><strong>inparibus</strong></span> <span class='ocrx_word' id='word_1_19' title='bbox 421 483 543 568; x_wconf 82' lang='lat' dir='ltr'><strong>digitis,</strong></span> <span class='ocrx_word' id='word_1_20' title='bbox 562 483 688 567; x_wconf 89' lang='lat' dir='ltr'><strong>magnis</strong></span> <span class='ocrx_word' id='word_1_21' title='bbox 704 482 873 566; x_wconf 87' lang='lat' dir='ltr'><strong>capitibus,</strong></span> <span class='ocrx_word' id='word_1_22' title='bbox 893 482 994 548; x_wconf 89' lang='lat' dir='ltr'><strong>crista</strong></span> <span class='ocrx_word' id='word_1_23' title='bbox 1007 485 1118 567; x_wconf 87' lang='lat' dir='ltr'><strong>erecta,</strong></span> 
     </span>
     <span class='ocr_line' id='line_1_5' title="bbox 75 571 1118 658; baseline -0.004 -18"><span class='ocrx_word' id='word_1_24' title='bbox 75 574 246 658; x_wconf 87' lang='lat' dir='ltr'><strong>5amplas:</strong></span> <span class='ocrx_word' id='word_1_25' title='bbox 269 574 331 637; x_wconf 91' lang='lat' dir='ltr'><strong>hae</strong></span> <span class='ocrx_word' id='word_1_26' title='bbox 355 573 441 637; x_wconf 91' lang='lat' dir='ltr'><strong>enim</strong></span> <span class='ocrx_word' id='word_1_27' title='bbox 465 572 505 636; x_wconf 85' lang='lat' dir='ltr'><strong>ad</strong></span> <span class='ocrx_word' id='word_1_28' title='bbox 528 573 693 655; x_wconf 89' lang='lat' dir='ltr'><strong>partiones</strong></span> <span class='ocrx_word' id='word_1_29' title='bbox 718 575 794 636; x_wconf 91' lang='lat' dir='ltr'><strong>sunt</strong></span> <span class='ocrx_word' id='word_1_30' title='bbox 817 571 970 654; x_wconf 77' lang='lat' dir='ltr'><strong>aptiores.</strong></span> <span class='ocrx_word' id='word_1_31' title='bbox 1016 571 1118 656; x_wconf 83' lang='lat' dir='ltr'><strong>gallos</strong></span> 
     </span>
     <span class='ocr_line' id='line_1_6' title="bbox 106 660 1148 747; baseline -0.002 -20"><span class='ocrx_word' id='word_1_32' title='bbox 106 663 230 728; x_wconf 89' lang='lat' dir='ltr'><strong>salaces</strong></span> <span class='ocrx_word' id='word_1_33' title='bbox 258 662 314 747; x_wconf 92' lang='lat' dir='ltr'><strong>qui</strong></span> <span class='ocrx_word' id='word_1_34' title='bbox 341 661 616 744; x_wconf 83' lang='lat' dir='ltr'><strong>animadvertunt,</strong></span> <span class='ocrx_word' id='word_1_35' title='bbox 650 660 679 724; x_wconf 89' lang='lat' dir='ltr'><strong>si</strong></span> <span class='ocrx_word' id='word_1_36' title='bbox 707 662 785 724; x_wconf 89' lang='lat' dir='ltr'><strong>sunt</strong></span> <span class='ocrx_word' id='word_1_37' title='bbox 807 660 970 744; x_wconf 79' lang='lat' dir='ltr'><strong>lacertosi,</strong></span> <span class='ocrx_word' id='word_1_38' title='bbox 992 660 1148 725; x_wconf 75' lang='lat' dir='ltr'><strong>rubentis</strong></span> 
     </span>
     <span class='ocr_line' id='line_1_7' title="bbox 106 748 1118 834; baseline -0.003 -18"><span class='ocrx_word' id='word_1_39' title='bbox 106 752 213 834; x_wconf 90' lang='lat' dir='ltr'><strong>crista,</strong></span> <span class='ocrx_word' id='word_1_40' title='bbox 230 754 338 816; x_wconf 89' lang='lat' dir='ltr'><strong>rostro</strong></span> <span class='ocrx_word' id='word_1_41' title='bbox 357 749 448 814; x_wconf 88' lang='lat' dir='ltr'><strong>brevi</strong></span> <span class='ocrx_word' id='word_1_42' title='bbox 466 750 563 832; x_wconf 88' lang='lat' dir='ltr'><strong>pleno</strong></span> <span class='ocrx_word' id='word_1_43' title='bbox 582 753 688 832; x_wconf 87' lang='lat' dir='ltr'><strong>acuto,</strong></span> <span class='ocrx_word' id='word_1_44' title='bbox 707 748 809 813; x_wconf 89' lang='lat' dir='ltr'><strong>oculis</strong></span> <span class='ocrx_word' id='word_1_45' title='bbox 826 749 916 812; x_wconf 86' lang='lat' dir='ltr'><strong>ravis</strong></span> <span class='ocrx_word' id='word_1_46' title='bbox 936 751 993 812; x_wconf 89' lang='lat' dir='ltr'><strong>aut</strong></span> <span class='ocrx_word' id='word_1_47' title='bbox 1009 749 1118 832; x_wconf 88' lang='lat' dir='ltr'><strong>nigris,</strong></span> 
     </span>
     <span class='ocr_line' id='line_1_8' title="bbox 105 834 1119 924; baseline -0.004 -20"><span class='ocrx_word' id='word_1_48' title='bbox 105 840 200 924; x_wconf 89' lang='lat' dir='ltr'><strong>palea</strong></span> <span class='ocrx_word' id='word_1_49' title='bbox 221 839 321 904; x_wconf 88' lang='lat' dir='ltr'><strong>rubra</strong></span> <span class='ocrx_word' id='word_1_50' title='bbox 344 837 587 921; x_wconf 75' lang='lat' dir='ltr'><strong>subalbicanti,</strong></span> <span class='ocrx_word' id='word_1_51' title='bbox 601 837 687 901; x_wconf 92' lang='lat' dir='ltr'><strong>collo</strong></span> <span class='ocrx_word' id='word_1_52' title='bbox 710 837 801 902; x_wconf 89' lang='lat' dir='ltr'><strong>vario</strong></span> <span class='ocrx_word' id='word_1_53' title='bbox 825 834 881 900; x_wconf 86' lang='lat' dir='ltr'><strong>aut</strong></span> <span class='ocrx_word' id='word_1_54' title='bbox 905 837 1050 920; x_wconf 89' lang='lat' dir='ltr'><strong>aureolo,</strong></span> <span class='ocrx_word' id='word_1_55' title='bbox 1078 838 1119 900; x_wconf 87' lang='lat' dir='ltr'><strong>fe·</strong></span> 
     </span>
     <span class='ocr_line' id='line_1_9' title="bbox 106 925 1119 1012; baseline -0.002 -20"><span class='ocrx_word' id='word_1_56' title='bbox 106 929 247 993; x_wconf 89' lang='lat' dir='ltr'><strong>minibus</strong></span> <span class='ocrx_word' id='word_1_57' title='bbox 275 927 403 1012; x_wconf 90' lang='lat' dir='ltr'><strong>pilosis,</strong></span> <span class='ocrx_word' id='word_1_58' title='bbox 435 927 582 991; x_wconf 89' lang='lat' dir='ltr'><strong>cruribus</strong></span> <span class='ocrx_word' id='word_1_59' title='bbox 612 925 780 1005; x_wconf 86' lang='lat' dir='ltr'><strong>brevibus,</strong></span> <span class='ocrx_word' id='word_1_60' title='bbox 810 925 974 1009; x_wconf 89' lang='lat' dir='ltr'><strong>unguibus</strong></span> <span class='ocrx_word' id='word_1_61' title='bbox 1004 926 1119 1010; x_wconf 83' lang='lat' dir='ltr'><strong>longis,</strong></span> 
     </span>
     <span class='ocr_line' id='line_1_10' title="bbox 106 1013 1119 1100; baseline -0.003 -19"><span class='ocrx_word' id='word_1_62' title='bbox 106 1016 217 1082; x_wconf 89' lang='lat' dir='ltr'><strong>caudis</strong></span> <span class='ocrx_word' id='word_1_63' title='bbox 245 1016 389 1100; x_wconf 79' lang='lat' dir='ltr'><strong>magnis,</strong></span> <span class='ocrx_word' id='word_1_64' title='bbox 423 1014 647 1098; x_wconf 86' lang='lat' dir='ltr'><strong>frequentibus</strong></span> <span class='ocrx_word' id='word_1_65' title='bbox 676 1014 801 1099; x_wconf 78' lang='lat' dir='ltr'><strong>pinnia3</strong></span> <span class='ocrx_word' id='word_1_66' title='bbox 842 1015 921 1077; x_wconf 84' lang='lat' dir='ltr'><strong>item</strong></span> <span class='ocrx_word' id='word_1_67' title='bbox 955 1014 1013 1098; x_wconf 91' lang='lat' dir='ltr'><strong>qui</strong></span> <span class='ocrx_word' id='word_1_68' title='bbox 1046 1013 1119 1079; x_wconf 86' lang='lat' dir='ltr'><strong>clati</strong></span> 
     </span>
     <span class='ocr_line' id='line_1_11' title="bbox 106 1102 1149 1186; baseline -0.003 -17"><span class='ocrx_word' id='word_1_69' title='bbox 106 1110 183 1170; x_wconf 91' lang='lat' dir='ltr'><strong>sunt</strong></span> <span class='ocrx_word' id='word_1_70' title='bbox 206 1125 243 1168; x_wconf 91' lang='lat' dir='ltr'><strong>ac</strong></span> <span class='ocrx_word' id='word_1_71' title='bbox 266 1102 447 1167; x_wconf 86' lang='lat' dir='ltr'><strong>vociferant</strong></span> <span class='ocrx_word' id='word_1_72' title='bbox 475 1123 584 1186; x_wconf 88' lang='lat' dir='ltr'><strong>saepe,</strong></span> <span class='ocrx_word' id='word_1_73' title='bbox 612 1103 648 1166; x_wconf 92' lang='lat' dir='ltr'><strong>in</strong></span> <span class='ocrx_word' id='word_1_74' title='bbox 676 1102 850 1167; x_wconf 88' lang='lat' dir='ltr'><strong>certamine</strong></span> <span class='ocrx_word' id='word_1_75' title='bbox 865 1102 1063 1185; x_wconf 83' lang='lat' dir='ltr'><strong>pertinaces</strong></span> <span class='ocrx_word' id='word_1_76' title='bbox 1089 1106 1149 1166; x_wconf 82' lang='lat' dir='ltr'><strong>etc</strong></span> 
     </span>
     <span class='ocr_line' id='line_1_12' title="bbox 106 1191 1141 1294; baseline -0.001 -39"><span class='ocrx_word' id='word_1_77' title='bbox 106 1193 162 1294; x_wconf 91' lang='lat' dir='ltr'><strong>qui</strong></span> <span class='ocrx_word' id='word_1_78' title='bbox 186 1192 339 1255; x_wconf 86' lang='lat' dir='ltr'><strong>animalia</strong></span> <span class='ocrx_word' id='word_1_79' title='bbox 363 1213 445 1275; x_wconf 91' lang='lat' dir='ltr'><strong>quae</strong></span> <span class='ocrx_word' id='word_1_80' title='bbox 467 1194 586 1257; x_wconf 89' lang='lat' dir='ltr'><strong>nocent</strong></span> <span class='ocrx_word' id='word_1_81' title='bbox 610 1191 743 1276; x_wconf 83' lang='lat' dir='ltr'><strong>gallinis</strong></span> <span class='ocrx_word' id='word_1_82' title='bbox 765 1213 833 1256; x_wconf 92' lang='lat' dir='ltr'><strong>non</strong></span> <span class='ocrx_word' id='word_1_83' title='bbox 851 1191 948 1256; x_wconf 91' lang='lat' dir='ltr'><strong>modo</strong></span> <span class='ocrx_word' id='word_1_84' title='bbox 968 1213 1035 1256; x_wconf 93' lang='lat' dir='ltr'><strong>non</strong></span> <span class='ocrx_word' id='word_1_85' title='bbox 1054 1213 1141 1275; x_wconf 90' lang='lat' dir='ltr'><strong>per·</strong></span> 
     </span>
     <span class='ocr_line' id='line_1_13' title="bbox 105 1279 1118 1381; baseline -0.001 -37"><span class='ocrx_word' id='word_1_86' title='bbox 105 1281 293 1364; x_wconf 89' lang='lat' dir='ltr'><strong>timescant,</strong></span> <span class='ocrx_word' id='word_1_87' title='bbox 263 1279 446 1343; x_wconf 90' lang='lat' dir='ltr'><strong>ttsed</strong></span> <span class='ocrx_word' id='word_1_88' title='bbox 414 1279 512 1344; x_wconf 90' lang='lat' dir='ltr'><strong>etiam</strong></span> <span class='ocrx_word' id='word_1_89' title='bbox 545 1302 610 1381; x_wconf 40' lang='lat' dir='ltr'><strong>pro,</strong></span> <span class='ocrx_word' id='word_1_90' title='bbox 634 1279 768 1381; x_wconf 79' lang='lat' dir='ltr'><strong>gallinis</strong></span> <span class='ocrx_word' id='word_1_91' title='bbox 800 1282 1019 1364; x_wconf 84' lang='lat' dir='ltr'><strong>propugnant.</strong></span> <span class='ocrx_word' id='word_1_92' title='bbox 1065 1300 1118 1343; x_wconf 91' lang='lat' dir='ltr'><strong>nec</strong></span> 
     </span>
     <span class='ocr_line' id='line_1_14' title="bbox 76 1367 1118 1453; baseline -0.003 -18"><span class='ocrx_word' id='word_1_93' title='bbox 76 1373 215 1436; x_wconf 77' lang='lat' dir='ltr'><strong>eramen</strong></span> <span class='ocrx_word' id='word_1_94' title='bbox 244 1369 479 1453; x_wconf 90' lang='lat' dir='ltr'><strong>sequendum</strong></span> <span class='ocrx_word' id='word_1_95' title='bbox 469 1390 504 1432; x_wconf 92' lang='lat' dir='ltr'><strong>m</strong></span> <span class='ocrx_word' id='word_1_96' title='bbox 532 1367 666 1433; x_wconf 91' lang='lat' dir='ltr'><strong>seminio</strong></span> <span class='ocrx_word' id='word_1_97' title='bbox 697 1368 833 1452; x_wconf 88' lang='lat' dir='ltr'><strong>legendo</strong></span> <span class='ocrx_word' id='word_1_98' title='bbox 862 1369 1063 1452; x_wconf 82' lang='lat' dir='ltr'><strong>Tanagricos</strong></span> <span class='ocrx_word' id='word_1_99' title='bbox 1089 1371 1118 1432; x_wconf 90' lang='lat' dir='ltr'><strong>et</strong></span> 
     </span>
     <span class='ocr_line' id='line_1_15' title="bbox 105 1454 1118 1541; baseline -0.003 -19"><span class='ocrx_word' id='word_1_100' title='bbox 105 1457 239 1522; x_wconf 89' lang='lat' dir='ltr'><strong>Melicos</strong></span> <span class='ocrx_word' id='word_1_101' title='bbox 259 1461 292 1522; x_wconf 88' lang='lat' dir='ltr'><strong>et</strong></span> <span class='ocrx_word' id='word_1_102' title='bbox 310 1454 524 1540; x_wconf 81' lang='lat' dir='ltr'><strong>Chalcidicos,</strong></span> <span class='ocrx_word' id='word_1_103' title='bbox 547 1456 602 1541; x_wconf 94' lang='lat' dir='ltr'><strong>qui</strong></span> <span class='ocrx_word' id='word_1_104' title='bbox 626 1457 695 1520; x_wconf 91' lang='lat' dir='ltr'><strong>sine</strong></span> <span class='ocrx_word' id='word_1_105' title='bbox 718 1457 816 1521; x_wconf 88' lang='lat' dir='ltr'><strong>dnbio</strong></span> <span class='ocrx_word' id='word_1_106' title='bbox 840 1461 916 1521; x_wconf 87' lang='lat' dir='ltr'><strong>sunt</strong></span> <span class='ocrx_word' id='word_1_107' title='bbox 934 1457 1069 1541; x_wconf 91' lang='lat' dir='ltr'><strong>pulchri</strong></span> <span class='ocrx_word' id='word_1_108' title='bbox 1090 1461 1118 1520; x_wconf 93' lang='lat' dir='ltr'><strong>et</strong></span> 
     </span>
     <span class='ocr_line' id='line_1_16' title="bbox 106 1544 1148 1630; baseline -0.004 -19"><span class='ocrx_word' id='word_1_109' title='bbox 106 1547 146 1611; x_wconf 87' lang='lat' dir='ltr'><strong>ad</strong></span> <span class='ocrx_word' id='word_1_110' title='bbox 170 1546 425 1630; x_wconf 91' lang='lat' dir='ltr'><strong>proeliandum</strong></span> <span class='ocrx_word' id='word_1_111' title='bbox 415 1568 449 1609; x_wconf 88' lang='grc' dir='ltr'><strong>ιιι</strong></span> <span class='ocrx_word' id='word_1_112' title='bbox 451 1548 502 1609; x_wconf 91' lang='lat' dir='ltr'><strong>ter</strong></span> <span class='ocrx_word' id='word_1_113' title='bbox 520 1567 555 1609; x_wconf 93' lang='lat' dir='ltr'><strong>se</strong></span> <span class='ocrx_word' id='word_1_114' title='bbox 574 1546 713 1609; x_wconf 81' lang='lat' dir='ltr'><strong>maxime</strong></span> <span class='ocrx_word' id='word_1_115' title='bbox 731 1545 847 1628; x_wconf 87' lang='lat' dir='ltr'><strong>idonei,</strong></span> <span class='ocrx_word' id='word_1_116' title='bbox 871 1544 928 1609; x_wconf 90' lang='lat' dir='ltr'><strong>sed</strong></span> <span class='ocrx_word' id='word_1_117' title='bbox 948 1546 989 1609; x_wconf 89' lang='lat' dir='ltr'><strong>ad</strong></span> <span class='ocrx_word' id='word_1_118' title='bbox 1007 1549 1116 1630; x_wconf 87' lang='lat' dir='ltr'><strong>partus</strong></span> <span class='ocrx_word' id='word_1_119' title='bbox 1128 1565 1148 1608; x_wconf 82' lang='grc' dir='ltr'><strong>ιι</strong></span> 
     </span>
     <span class='ocr_line' id='line_1_17' title="bbox 106 1632 1117 1719; baseline 0 -20"><span class='ocrx_word' id='word_1_120' title='bbox 106 1642 182 1699; x_wconf 90' lang='lat' dir='ltr'><strong>sunt</strong></span> <span class='ocrx_word' id='word_1_121' title='bbox 206 1634 392 1699; x_wconf 86' lang='lat' dir='ltr'><strong>steriliores.</strong></span> <span class='ocrx_word' id='word_1_122' title='bbox 430 1635 457 1698; x_wconf 92' lang='lat' dir='ltr'><strong>si</strong></span> <span class='ocrx_word' id='word_1_123' title='bbox 480 1634 634 1699; x_wconf 91' lang='lat' dir='ltr'><strong>ducentos</strong></span> <span class='ocrx_word' id='word_1_124' title='bbox 658 1634 744 1698; x_wconf 89' lang='lat' dir='ltr'><strong>alere</strong></span> <span class='ocrx_word' id='word_1_125' title='bbox 768 1632 858 1717; x_wconf 90' lang='lat' dir='ltr'><strong>velis,</strong></span> <span class='ocrx_word' id='word_1_126' title='bbox 880 1634 971 1699; x_wconf 88' lang='lat' dir='ltr'><strong>locus</strong></span> <span class='ocrx_word' id='word_1_127' title='bbox 991 1637 1117 1719; x_wconf 91' lang='lat' dir='ltr'><strong>saeptus</strong></span> 
     </span>
     <span class='ocr_line' id='line_1_18' title="bbox 106 1722 1117 1807; baseline -0.001 -20"><span class='ocrx_word' id='word_1_128' title='bbox 106 1722 352 1805; x_wconf 89' lang='lat' dir='ltr'><strong>adtribuendus,</strong></span> <span class='ocrx_word' id='word_1_129' title='bbox 379 1723 500 1804; x_wconf 90' lang='lat' dir='ltr'><strong>inquo</strong></span> <span class='ocrx_word' id='word_1_130' title='bbox 524 1722 606 1786; x_wconf 90' lang='lat' dir='ltr'><strong>dnae</strong></span> <span class='ocrx_word' id='word_1_131' title='bbox 630 1743 745 1787; x_wconf 86' lang='lat' dir='ltr'><strong>caveae</strong></span> <span class='ocrx_word' id='word_1_132' title='bbox 769 1722 960 1787; x_wconf 89' lang='lat' dir='ltr'><strong>coniunctae</strong></span> <span class='ocrx_word' id='word_1_133' title='bbox 983 1744 1117 1807; x_wconf 86' lang='lat' dir='ltr'><strong>magnae</strong></span> 
     </span>
     <span class='ocr_line' id='line_1_19' title="bbox 106 1810 1117 1894; baseline -0.001 -19"><span class='ocrx_word' id='word_1_134' title='bbox 106 1810 365 1893; x_wconf 88' lang='lat' dir='ltr'><strong>constituendae,</strong></span> <span class='ocrx_word' id='word_1_135' title='bbox 402 1831 484 1894; x_wconf 82' lang='lat' dir='ltr'><strong>quae</strong></span> <span class='ocrx_word' id='word_1_136' title='bbox 518 1814 665 1894; x_wconf 79' lang='lat' dir='ltr'><strong>spectent</strong></span> <span class='ocrx_word' id='word_1_137' title='bbox 697 1812 737 1875; x_wconf 91' lang='lat' dir='ltr'><strong>ad</strong></span> <span class='ocrx_word' id='word_1_138' title='bbox 771 1812 968 1875; x_wconf 86' lang='lat' dir='ltr'><strong>exorientem</strong></span> <span class='ocrx_word' id='word_1_139' title='bbox 1002 1833 1117 1894; x_wconf 88' lang='lat' dir='ltr'><strong>versus,</strong></span> 
     </span>
     <span class='ocr_line' id='line_1_20' title="bbox 105 1897 1117 1986; baseline 0.001 -22.022"><span class='ocrx_word' id='word_1_140' title='bbox 105 1903 260 1984; x_wconf 90' lang='lat' dir='ltr'><strong>utraeque</strong></span> <span class='ocrx_word' id='word_1_141' title='bbox 282 1898 317 1962; x_wconf 90' lang='lat' dir='ltr'><strong>in</strong></span> <span class='ocrx_word' id='word_1_142' title='bbox 340 1898 447 1983; x_wconf 82' lang='lat' dir='ltr'><strong>longit</strong></span> <span class='ocrx_word' id='word_1_143' title='bbox 433 1897 578 1963; x_wconf 87' lang='lat' dir='ltr'><strong>tudinem</strong></span> <span class='ocrx_word' id='word_1_144' title='bbox 602 1899 729 1964; x_wconf 89' lang='lat' dir='ltr'><strong>circiter</strong></span> <span class='ocrx_word' id='word_1_145' title='bbox 752 1899 861 1963; x_wconf 90' lang='lat' dir='ltr'><strong>decem</strong></span> <span class='ocrx_word' id='word_1_146' title='bbox 884 1899 1019 1986; x_wconf 88' lang='lat' dir='ltr'><strong>pedum,</strong></span> <span class='ocrx_word' id='word_1_147' title='bbox 1051 1902 1105 1965; x_wconf 89' lang='lat' dir='ltr'><strong>latr</strong></span> <span class='ocrx_word' id='word_1_148' title='bbox 1082 1900 1117 1963; x_wconf 84' lang='grc' dir='ltr'><strong>ι’·</strong></span> 
     </span>
     <span class='ocr_line' id='line_1_21' title="bbox 104 1986 1147 2073; baseline -0.002 -20.969"><span class='ocrx_word' id='word_1_149' title='bbox 104 1987 216 2053; x_wconf 90' lang='lat' dir='ltr'><strong>tudine</strong></span> <span class='ocrx_word' id='word_1_150' title='bbox 249 1986 382 2052; x_wconf 90' lang='lat' dir='ltr'><strong>dimidio</strong></span> <span class='ocrx_word' id='word_1_151' title='bbox 416 1986 571 2069; x_wconf 89' lang='lat' dir='ltr'><strong>minores,</strong></span> <span class='ocrx_word' id='word_1_152' title='bbox 604 1989 715 2072; x_wconf 91' lang='lat' dir='ltr'><strong>[quam</strong></span> <span class='ocrx_word' id='word_1_153' title='bbox 743 1988 790 2068; x_wconf 91' lang='lat' dir='ltr'><strong>in]</strong></span> <span class='ocrx_word' id='word_1_154' title='bbox 820 1987 894 2052; x_wconf 87' lang='lat' dir='ltr'><strong>altit</strong></span> <span class='ocrx_word' id='word_1_155' title='bbox 895 1987 994 2053; x_wconf 89' lang='lat' dir='ltr'><strong>udine</strong></span> <span class='ocrx_word' id='word_1_156' title='bbox 1024 1988 1147 2073; x_wconf 80' lang='lat' dir='ltr'><strong>paulos</strong></span> 
     </span>
     <span class='ocr_line' id='line_1_22' title="bbox 104 2075 1116 2160; baseline 0 -20"><span class='ocrx_word' id='word_1_157' title='bbox 104 2076 306 2141; x_wconf 88' lang='lat' dir='ltr'><strong>humiliores.</strong></span> <span class='ocrx_word' id='word_1_158' title='bbox 329 2077 364 2141; x_wconf 79' lang='lat' dir='ltr'><strong>irc</strong></span> <span class='ocrx_word' id='word_1_159' title='bbox 386 2078 522 2159; x_wconf 91' lang='lat' dir='ltr'><strong>utraque</strong></span> <span class='ocrx_word' id='word_1_160' title='bbox 545 2075 651 2141; x_wconf 89' lang='lat' dir='ltr'><strong>fenest</strong></span> <span class='ocrx_word' id='word_1_161' title='bbox 637 2080 689 2140; x_wconf 85' lang='lat' dir='ltr'><strong>tra</strong></span> <span class='ocrx_word' id='word_1_162' title='bbox 712 2076 780 2140; x_wconf 85' lang='lat' dir='ltr'><strong>lata</strong></span> <span class='ocrx_word' id='word_1_163' title='bbox 802 2077 981 2160; x_wconf 85' lang='lat' dir='ltr'><strong>tripedalis,</strong></span> <span class='ocrx_word' id='word_1_164' title='bbox 1008 2084 1043 2142; x_wconf 86' lang='lat' dir='ltr'><strong>et</strong></span> <span class='ocrx_word' id='word_1_165' title='bbox 1066 2096 1116 2141; x_wconf 88' lang='lat' dir='ltr'><strong>eae</strong></span> 
     </span>
     <span class='ocr_line' id='line_1_23' title="bbox 104 2155 1116 2250; baseline 0.001 -22"><span class='ocrx_word' id='word_1_166' title='bbox 104 2165 184 2248; x_wconf 88' lang='lat' dir='ltr'><strong>pede</strong></span> <span class='ocrx_word' id='word_1_167' title='bbox 213 2164 344 2229; x_wconf 88' lang='lat' dir='ltr'><strong>altiores</strong></span> <span class='ocrx_word' id='word_1_168' title='bbox 373 2186 390 2228; x_wconf 91' lang='lat' dir='ltr'><strong>c</strong></span> <span class='ocrx_word' id='word_1_169' title='bbox 418 2165 591 2229; x_wconf 82' lang='lat' dir='ltr'><strong>viminibus</strong></span> <span class='ocrx_word' id='word_1_170' title='bbox 619 2165 724 2229; x_wconf 87' lang='lat' dir='ltr'><strong>factae</strong></span> <span class='ocrx_word' id='word_1_171' title='bbox 752 2165 923 2250; x_wconf 86' lang='lat' dir='ltr'><strong>raris,1ta</strong></span> <span class='ocrx_word' id='word_1_172' title='bbox 951 2170 989 2229; x_wconf 90' lang='lat' dir='ltr'><strong>nt</strong></span> <span class='ocrx_word' id='word_1_173' title='bbox 1013 2155 1116 2229; x_wconf 90' lang='lat' dir='ltr'><strong>lumen</strong></span> 
     </span>
     <span class='ocr_line' id='line_1_24' title="bbox 104 2252 1115 2355; baseline 0.002 -39"><span class='ocrx_word' id='word_1_174' title='bbox 104 2252 282 2335; x_wconf 77' lang='lat' dir='ltr'><strong>praebeant</strong></span> <span class='ocrx_word' id='word_1_175' title='bbox 267 2252 389 2317; x_wconf 91' lang='lat' dir='ltr'><strong>mtult</strong></span> <span class='ocrx_word' id='word_1_176' title='bbox 375 2256 444 2317; x_wconf 91' lang='lat' dir='ltr'><strong>tum</strong></span> <span class='ocrx_word' id='word_1_177' title='bbox 453 2274 587 2337; x_wconf 89' lang='lat' dir='ltr'><strong>,neque</strong></span> <span class='ocrx_word' id='word_1_178' title='bbox 611 2274 669 2336; x_wconf 87' lang='lat' dir='ltr'><strong>per</strong></span> <span class='ocrx_word' id='word_1_179' title='bbox 692 2275 745 2317; x_wconf 88' lang='lat' dir='ltr'><strong>eas</strong></span> <span class='ocrx_word' id='word_1_180' title='bbox 769 2253 939 2355; x_wconf 84' lang='lat' dir='ltr'><strong>quicquam</strong></span> <span class='ocrx_word' id='word_1_181' title='bbox 962 2254 1011 2317; x_wconf 93' lang='lat' dir='ltr'><strong>ire</strong></span> <span class='ocrx_word' id='word_1_182' title='bbox 1036 2254 1115 2318; x_wconf 88' lang='lat' dir='ltr'><strong>intro</strong></span> 
     </span>
     <span class='ocr_line' id='line_1_25' title="bbox 75 2340 1115 2427; baseline -0.001 -20"><span class='ocrx_word' id='word_1_183' title='bbox 75 2340 219 2425; x_wconf 82' lang='lat' dir='ltr'><strong>7possit,</strong></span> <span class='ocrx_word' id='word_1_184' title='bbox 242 2362 325 2426; x_wconf 89' lang='lat' dir='ltr'><strong>qnae</strong></span> <span class='ocrx_word' id='word_1_185' title='bbox 347 2362 461 2405; x_wconf 88' lang='lat' dir='ltr'><strong>nocere</strong></span> <span class='ocrx_word' id='word_1_186' title='bbox 485 2342 592 2406; x_wconf 91' lang='lat' dir='ltr'><strong>solent</strong></span> <span class='ocrx_word' id='word_1_187' title='bbox 615 2342 805 2427; x_wconf 82' lang='lat' dir='ltr'><strong>gallinis.</strong></span> <span class='ocrx_word' id='word_1_188' title='bbox 795 2345 845 2406; x_wconf 88' lang='lat' dir='ltr'><strong>rnt</strong></span> <span class='ocrx_word' id='word_1_189' title='bbox 846 2364 880 2407; x_wconf 86' lang='lat' dir='ltr'><strong>er</strong></span> <span class='ocrx_word' id='word_1_190' title='bbox 830 2342 1053 2407; x_wconf 88' lang='lat' dir='ltr'><strong>ttduas</strong></span> <span class='ocrx_word' id='word_1_191' title='bbox 1000 2346 1053 2408; x_wconf 88' lang='lat' dir='ltr'><strong>ost</strong></span> <span class='ocrx_word' id='word_1_192' title='bbox 1054 2343 1115 2407; x_wconf 89' lang='lat' dir='ltr'><strong>ium</strong></span> 
     </span>
     <span class='ocr_line' id='line_1_26' title="bbox 104 2429 1145 2515; baseline -0.003 -21"><span class='ocrx_word' id='word_1_193' title='bbox 104 2430 160 2513; x_wconf 85' lang='lat' dir='ltr'><strong>sit,</strong></span> <span class='ocrx_word' id='word_1_194' title='bbox 191 2452 255 2514; x_wconf 93' lang='lat' dir='ltr'><strong>qua</strong></span> <span class='ocrx_word' id='word_1_195' title='bbox 279 2429 485 2515; x_wconf 81' lang='lat' dir='ltr'><strong>gallinariae,</strong></span> <span class='ocrx_word' id='word_1_196' title='bbox 512 2430 547 2495; x_wconf 81' lang='lat' dir='ltr'><strong>id</strong></span> <span class='ocrx_word' id='word_1_197' title='bbox 568 2434 612 2495; x_wconf 84' lang='lat' dir='ltr'><strong>cst</strong></span> <span class='ocrx_word' id='word_1_198' title='bbox 633 2432 762 2494; x_wconf 88' lang='lat' dir='ltr'><strong>curator</strong></span> <span class='ocrx_word' id='word_1_199' title='bbox 785 2452 907 2510; x_wconf 87' lang='lat' dir='ltr'><strong>earum,</strong></span> <span class='ocrx_word' id='word_1_200' title='bbox 936 2431 983 2495; x_wconf 88' lang='lat' dir='ltr'><strong>ire</strong></span> <span class='ocrx_word' id='word_1_201' title='bbox 1006 2431 1145 2514; x_wconf 79' lang='lat' dir='ltr'><strong>possita</strong></span> 
     </span>
     <span class='ocr_line' id='line_1_27' title="bbox 103 2518 1115 2603; baseline -0.001 -20"><span class='ocrx_word' id='word_1_202' title='bbox 103 2519 137 2583; x_wconf 93' lang='lat' dir='ltr'><strong>in</strong></span> <span class='ocrx_word' id='word_1_203' title='bbox 170 2519 276 2583; x_wconf 83' lang='lat' dir='ltr'><strong>caveis</strong></span> <span class='ocrx_word' id='word_1_204' title='bbox 309 2519 440 2582; x_wconf 85' lang='lat' dir='ltr'><strong>crebrae</strong></span> <span class='ocrx_word' id='word_1_205' title='bbox 470 2518 610 2601; x_wconf 91' lang='lat' dir='ltr'><strong>perticae</strong></span> <span class='ocrx_word' id='word_1_206' title='bbox 642 2519 797 2583; x_wconf 87' lang='lat' dir='ltr'><strong>traiectae</strong></span> <span class='ocrx_word' id='word_1_207' title='bbox 830 2520 905 2603; x_wconf 91' lang='lat' dir='ltr'><strong>sint,</strong></span> <span class='ocrx_word' id='word_1_208' title='bbox 937 2523 975 2583; x_wconf 94' lang='lat' dir='ltr'><strong>ut</strong></span> <span class='ocrx_word' id='word_1_209' title='bbox 1008 2539 1115 2584; x_wconf 89' lang='lat' dir='ltr'><strong>omnes</strong></span> 
     </span>
     <span class='ocr_line' id='line_1_28' title="bbox 104 2570 1114 2759; baseline -0.001 -88"><span class='ocrx_word' id='word_1_210' title='bbox 104 2608 263 2671; x_wconf 89' lang='lat' dir='ltr'><strong>sustinere</strong></span> <span class='ocrx_word' id='word_1_211' title='bbox 295 2607 424 2691; x_wconf 88' lang='lat' dir='ltr'><strong>possint</strong></span> <span class='ocrx_word' id='word_1_212' title='bbox 458 2605 608 2759; x_wconf 79' lang='lat' dir='ltr'><strong>gallinas.</strong></span> <span class='ocrx_word' id='word_1_213' title='bbox 654 2611 729 2672; x_wconf 91' lang='lat' dir='ltr'><strong>cont</strong></span> <span class='ocrx_word' id='word_1_214' title='bbox 730 2629 767 2670; x_wconf 89' lang='lat' dir='ltr'><strong>ra</strong></span> <span class='ocrx_word' id='word_1_215' title='bbox 800 2570 946 2693; x_wconf 80' lang='lat' dir='ltr'><strong>singulas</strong></span> <span class='ocrx_word' id='word_1_216' title='bbox 977 2608 1114 2691; x_wconf 87' lang='lat' dir='ltr'><strong>perticas</strong></span> 
     </span>
     <span class='ocr_line' id='line_1_29' title="bbox 103 2695 1115 2782; baseline 0.001 -25"><span class='ocrx_word' id='word_1_217' title='bbox 103 2696 138 2758; x_wconf 91' lang='lat' dir='ltr'><strong>in</strong></span> <span class='ocrx_word' id='word_1_218' title='bbox 170 2695 293 2778; x_wconf 88' lang='lat' dir='ltr'><strong>pariete</strong></span> <span class='ocrx_word' id='word_1_219' title='bbox 326 2695 456 2760; x_wconf 84' lang='lat' dir='ltr'><strong>exclusa</strong></span> <span class='ocrx_word' id='word_1_220' title='bbox 484 2695 552 2759; x_wconf 89' lang='lat' dir='ltr'><strong>sint</strong></span> <span class='ocrx_word' id='word_1_221' title='bbox 580 2696 700 2761; x_wconf 90' lang='lat' dir='ltr'><strong>cubilia</strong></span> <span class='ocrx_word' id='word_1_222' title='bbox 728 2716 847 2760; x_wconf 89' lang='lat' dir='ltr'><strong>earum.</strong></span> <span class='ocrx_word' id='word_1_223' title='bbox 893 2699 970 2760; x_wconf 91' lang='lat' dir='ltr'><strong>ante</strong></span> <span class='ocrx_word' id='word_1_224' title='bbox 1000 2698 1059 2782; x_wconf 85' lang='lat' dir='ltr'><strong>sit,</strong></span> <span class='ocrx_word' id='word_1_225' title='bbox 1083 2697 1115 2760; x_wconf 92' lang='lat' dir='ltr'><strong>ut</strong></span> 
     </span>
     <span class='ocr_line' id='line_1_30' title="bbox 104 2781 1114 2869; baseline 0.001 -24"><span class='ocrx_word' id='word_1_226' title='bbox 104 2781 180 2865; x_wconf 87' lang='lat' dir='ltr'><strong>dixi,</strong></span> <span class='ocrx_word' id='word_1_227' title='bbox 202 2786 273 2846; x_wconf 80' lang='lat' dir='ltr'><strong>vest</strong></span> <span class='ocrx_word' id='word_1_228' title='bbox 259 2783 400 2846; x_wconf 91' lang='lat' dir='ltr'><strong>tibulum</strong></span> <span class='ocrx_word' id='word_1_229' title='bbox 424 2784 612 2868; x_wconf 89' lang='lat' dir='ltr'><strong>saeptum,&#39;</strong></span> <span class='ocrx_word' id='word_1_230' title='bbox 603 2807 637 2848; x_wconf 91' lang='lat' dir='ltr'><strong>m</strong></span> <span class='ocrx_word' id='word_1_231' title='bbox 661 2805 725 2868; x_wconf 92' lang='lat' dir='ltr'><strong>quo</strong></span> <span class='ocrx_word' id='word_1_232' title='bbox 749 2783 897 2849; x_wconf 88' lang='lat' dir='ltr'><strong>diurnot</strong></span> <span class='ocrx_word' id='word_1_233' title='bbox 882 2788 1032 2869; x_wconf 81' lang='lat' dir='ltr'><strong>tempore</strong></span> <span class='ocrx_word' id='word_1_234' title='bbox 1052 2804 1114 2850; x_wconf 88' lang='lat' dir='ltr'><strong>esse</strong></span> 
     </span>
     <span class='ocr_line' id='line_1_31' title="bbox 103 2871 1144 2958; baseline 0 -24"><span class='ocrx_word' id='word_1_235' title='bbox 103 2871 272 2954; x_wconf 88' lang='lat' dir='ltr'><strong>possinta</strong></span> <span class='ocrx_word' id='word_1_236' title='bbox 273 2872 350 2954; x_wconf 89' lang='lat' dir='ltr'><strong>tque</strong></span> <span class='ocrx_word' id='word_1_237' title='bbox 373 2871 408 2935; x_wconf 93' lang='lat' dir='ltr'><strong>in</strong></span> <span class='ocrx_word' id='word_1_238' title='bbox 431 2872 561 2956; x_wconf 85' lang='lat' dir='ltr'><strong>pulvere</strong></span> <span class='ocrx_word' id='word_1_239' title='bbox 584 2872 734 2937; x_wconf 79' lang='lat' dir='ltr'><strong>volutari.</strong></span> <span class='ocrx_word' id='word_1_240' title='bbox 780 2876 950 2958; x_wconf 89' lang='lat' dir='ltr'><strong>praeterea</strong></span> <span class='ocrx_word' id='word_1_241' title='bbox 973 2874 1018 2938; x_wconf 91' lang='lat' dir='ltr'><strong>sit</strong></span> <span class='ocrx_word' id='word_1_242' title='bbox 1040 2872 1144 2939; x_wconf 82' lang='lat' dir='ltr'><strong>collau</strong></span> 
     </span>
     <span class='ocr_line' id='line_1_32' title="bbox 103 2959 1113 3046; baseline 0.001 -23"><span class='ocrx_word' id='word_1_243' title='bbox 103 2959 286 3044; x_wconf 89' lang='lat' dir='ltr'><strong>grandis,&#39;</strong></span> <span class='ocrx_word' id='word_1_244' title='bbox 277 2981 310 3022; x_wconf 94' lang='lat' dir='ltr'><strong>m</strong></span> <span class='ocrx_word' id='word_1_245' title='bbox 340 2981 403 3044; x_wconf 88' lang='lat' dir='ltr'><strong>qua</strong></span> <span class='ocrx_word' id='word_1_246' title='bbox 431 2964 523 3025; x_wconf 89' lang='lat' dir='ltr'><strong>curat</strong></span> <span class='ocrx_word' id='word_1_247' title='bbox 525 2983 561 3025; x_wconf 92' lang='lat' dir='ltr'><strong>or</strong></span> <span class='ocrx_word' id='word_1_248' title='bbox 509 2960 676 3026; x_wconf 92' lang='lat' dir='ltr'><strong>thabit</strong></span> <span class='ocrx_word' id='word_1_249' title='bbox 662 2965 722 3044; x_wconf 88' lang='lat' dir='ltr'><strong>tot,</strong></span> <span class='ocrx_word' id='word_1_250' title='bbox 751 2961 798 3026; x_wconf 88' lang='lat' dir='ltr'><strong>ita</strong></span> <span class='ocrx_word' id='word_1_251' title='bbox 821 2962 889 3027; x_wconf 94' lang='lat' dir='ltr'><strong>ut</strong></span> <span class='ocrx_word' id='word_1_252' title='bbox 880 2985 915 3027; x_wconf 90' lang='grc' dir='ltr'><strong>ιιι</strong></span> <span class='ocrx_word' id='word_1_253' title='bbox 937 2963 1113 3046; x_wconf 88' lang='lat' dir='ltr'><strong>parietibus</strong></span> 
     </span>
     <span class='ocr_line' id='line_1_33' title="bbox 103 3047 1116 3151; baseline 0.002 -39"><span class='ocrx_word' id='word_1_254' title='bbox 103 3049 223 3151; x_wconf 89' lang='lat' dir='ltr'><strong>circum</strong></span> <span class='ocrx_word' id='word_1_255' title='bbox 252 3047 362 3113; x_wconf 89' lang='lat' dir='ltr'><strong>omnia</strong></span> <span class='ocrx_word' id='word_1_256' title='bbox 389 3048 487 3132; x_wconf 90' lang='lat' dir='ltr'><strong>plena</strong></span> <span class='ocrx_word' id='word_1_257' title='bbox 515 3049 581 3114; x_wconf 91' lang='lat' dir='ltr'><strong>sint</strong></span> <span class='ocrx_word' id='word_1_258' title='bbox 610 3049 732 3115; x_wconf 88' lang='lat' dir='ltr'><strong>cubilia</strong></span> <span class='ocrx_word' id='word_1_259' title='bbox 758 3051 959 3135; x_wconf 84' lang='lat' dir='ltr'><strong>gallinarum</strong></span> <span class='ocrx_word' id='word_1_260' title='bbox 986 3056 1045 3116; x_wconf 88' lang='lat' dir='ltr'><strong>aut</strong></span> <span class='ocrx_word' id='word_1_261' title='bbox 1070 3072 1116 3115; x_wconf 83' lang='lat' dir='ltr'><strong>ex·</strong></span> 
     </span>
    </p>
   </div>
   <div class='ocr_carea' id='block_1_3' title="bbox 102 3239 1115 3380">
    <p class='ocr_par' dir='ltr' id='par_1_3' title="bbox 119 3239 1115 3380">
     <span class='ocr_line' id='line_1_34' title="bbox 193 3239 1115 3313; baseline 0.001 -20"><span class='ocrx_word' id='word_1_262' title='bbox 193 3244 225 3293; x_wconf 81' lang='lat'><strong>15</strong></span> <span class='ocrx_word' id='word_1_263' title='bbox 249 3239 443 3309; x_wconf 86' lang='lat' dir='ltr'><strong>praeliandum</strong></span> <span class='ocrx_word' id='word_1_264' title='bbox 517 3240 583 3294; x_wconf 76' lang='lat'><strong>21</strong></span> <span class='ocrx_word' id='word_1_265' title='bbox 575 3260 604 3296; x_wconf 85' lang='grc' dir='ltr'><strong>ιιι</strong></span> <span class='ocrx_word' id='word_1_266' title='bbox 628 3247 692 3298; x_wconf 72' lang='lat' dir='ltr'><strong>aare</strong></span> <span class='ocrx_word' id='word_1_267' title='bbox 714 3244 834 3311; x_wconf 89' lang='lat' dir='ltr'><strong>utraque</strong></span> <span class='ocrx_word' id='word_1_268' title='bbox 859 3258 909 3298; x_wconf 86' lang='lat' dir='ltr'><strong>om.</strong></span> <span class='ocrx_word' id='word_1_269' title='bbox 984 3239 1115 3313; x_wconf 90' lang='lat' dir='ltr'><strong>tripedali</strong></span> 
     </span>
     <span class='ocr_line' id='line_1_35' title="bbox 102 3309 560 3380; baseline 0 -15"><span class='ocrx_word' id='word_1_270' title='bbox 102 3311 272 3380; x_wconf 55' lang='lat' dir='ltr'><strong>ewwm</strong></span> <span class='ocrx_word' id='word_1_271' title='bbox 345 3309 560 3365; x_wconf 51' lang='lat' dir='ltr'><strong>mmmm.</strong></span> 
     </span>
    </p>
   </div>
   <div class='ocr_carea' id='block_1_4' title="bbox 182 3505 950 3574">
    <p class='ocr_par' dir='ltr' id='par_1_4' title="bbox 182 3505 950 3574">
     <span class='ocr_line' id='line_1_36' title="bbox 182 3505 950 3574; baseline 0.004 -15"><span class='ocrx_word' id='word_1_272' title='bbox 182 3511 220 3559; x_wconf 80' lang='lat'><strong>20</strong></span> <span class='ocrx_word' id='word_1_273' title='bbox 238 3523 324 3574; x_wconf 85' lang='lat' dir='ltr'><strong>quam</strong></span> <span class='ocrx_word' id='word_1_274' title='bbox 343 3505 373 3562; x_wconf 91' lang='lat' dir='ltr'><strong>r&#39;n</strong></span> <span class='ocrx_word' id='word_1_275' title='bbox 395 3506 535 3564; x_wconf 78' lang='lat' dir='ltr'><strong>lucardo</strong></span> <span class='ocrx_word' id='word_1_276' title='bbox 553 3511 663 3564; x_wconf 71' lang='lat' dir='ltr'><strong>occure</strong></span> <span class='ocrx_word' id='word_1_277' title='bbox 680 3508 792 3563; x_wconf 77' lang='lat' dir='ltr'><strong>inclusit</strong></span> <span class='ocrx_word' id='word_1_278' title='bbox 813 3506 950 3562; x_wconf 79' lang='lat' dir='ltr'><strong>Gesaerae</strong></span> 
     </span>
    </p>
   </div>
   <div class='ocr_carea' id='block_1_5' title="bbox 0 0 1230 3938">
    <p class='ocr_par' dir='ltr' id='par_1_5' title="bbox 0 0 1230 3938">
     <span class='ocr_line' id='line_1_37' title="bbox 0 0 1230 3938; baseline 0 0"><span class='ocrx_word' id='word_1_279' title='bbox 0 0 1230 3938; x_wconf 95' lang='lat' dir='ltr'><strong> </strong></span> 
     </span>
    </p>
   </div>
  </div>
 </body>
</html>
