2452 3938
322 163 453 219 RERVM
472 163 708 221 RVSTIOARVM
726 165 795 223 LIB.
808 165 847 220 ΙΙΙ
864 173 895 222 16
1053 167 1117 233 155

102 308 197 374 favus
222 309 311 374 venit
337 309 374 374 in
396 310 514 375 altaria
541 313 575 375 et
601 311 666 374 mel
690 311 731 374 ad
753 311 915 396 principia
935 313 1062 378 convivi
1085 317 1118 378 et

102 398 138 461 in
166 397 339 462 secundam
365 420 511 462 mensam
538 399 790 464 administratur.
842 400 922 466 haec
949 405 987 464 ut
1013 401 1146 467 homi-6

102 508 181 551 num
209 487 372 570 civitates,
406 487 492 572 quod
522 487 574 551 hic
602 491 653 552 est
680 491 713 551 et
740 510 796 553 rex
824 493 857 553 et
883 489 1054 573 imperium
1085 493 1119 555 et

104 574 251 639 societas,
299 575 420 661 [quod]¹
442 580 593 640 secuntur
621 576 730 641 omnia
756 599 847 661 pura.
892 577 1004 662 itaque
1026 579 1117 643 nulla

75 663 221 727 charum
240 663 359 727 adsidit
377 664 412 728 in
429 664 501 729 loco
520 664 689 748 inquinato
709 671 767 730 aut
785 687 823 730 eo
842 665 898 749 qui
916 666 1002 731 male
1021 668 1117 752 oleat,

102 773 208 835 neque
238 752 337 818 etiam
364 752 398 816 in
427 774 464 818 eo
493 752 548 838 qui
577 754 663 818 bona
691 753 757 818 olet
785 758 958 839 unguenta.
1008 754 1116 839 itaque
1186 785 1188 789 ¹

102 839 144 903 iis
163 843 279 905 unctus
299 841 355 924 qui
374 841 518 924 accessit,
536 845 697 927 pungunt,
716 863 791 927 non,
809 847 847 906 ut
860 864 999 928 muscae,
1017 844 1116 929 ligur·

102 929 203 1013 riunt‚
225 949 289 1012 quo
312 950 407 995 nemo
430 928 491 993 has
514 929 611 1012 videt,
634 934 670 995 ut
693 930 776 1015 illas,
798 931 833 995 in
854 953 950 996 carne
969 936 1025 997 aut
1045 954 1116 996 san-

102 1016 200 1100 guine
224 1021 287 1081 aut
303 1017 407 1102 adipe.
443 1017 516 1083 ideo
539 1018 635 1084 modo
658 1019 833 1084 considunt
855 1020 890 1084 in
912 1022 956 1086 eis
979 1042 1116 1104 quorum

62 1126 88 1166 ro
103 1127 201 1188 sapor
233 1105 344 1170 dulcis.
400 1105 533 1170 minime
566 1108 726 1186 malefica,
764 1109 850 1192 quod
881 1109 1000 1174 nullius
1035 1117 1147 1194 opus?

102 1192 257 1257 vellicans
284 1193 364 1258 facit
397 1194 552 1278 deterius,
588 1217 692 1279 neque
719 1197 853 1280 ignava,
885 1202 922 1261 ut
949 1220 1030 1282 non,
1060 1200 1116 1283 qui
1149 1204 1158 1215 '

102 1283 171 1346 eius
196 1287 329 1347 conetur
352 1283 544 1367 disturbare,
567 1286 711 1365 resistst3
747 1305 850 1368 neque
874 1289 984 1351 tamen
1007 1287 1117 1352 nescia

102 1392 180 1434 suae
212 1371 447 1438 inbecillitatis.
500 1393 581 1455 quae
613 1394 687 1437 cum
719 1393 817 1437 causa
848 1395 1014 1439 musarum
1047 1397 1117 1440 esse

103 1457 253 1523 dicuntur
279 1461 436 1542 volucres,
459 1460 544 1543 quod
563 1463 604 1544 et,
629 1460 804 1544 siquando
824 1460 1012 1544 displicatae
1032 1468 1137 1547 sunt,‘

63 1568 89 1609 15
103 1547 263 1630 cymbalis
295 1552 329 1612 et
359 1549 527 1632 plausibus
559 1570 695 1614 numero
728 1548 908 1614 redducunt
940 1551 976 1614 in
1008 1551 1116 1617 locum

102 1656 216 1718 unum3
250 1639 282 1700 et
304 1641 340 1701 at
365 1637 416 1701 his
445 1637 495 1702 dis
518 1636 678 1703 Helicona
706 1641 803 1722 atque
828 1635 990 1723 Olympon
1019 1639 1116 1704 adtri-

102 1724 242 1789 buerunt
269 1724 431 1809 homines,
460 1726 506 1790 sic
533 1725 585 1790 his
613 1725 745 1792 floridos
775 1729 807 1791 et
834 1727 976 1792 incultos
999 1732 1116 1793 natura

103 1811 261 1876 adtribuit
284 1817 420 1879 montes.
465 1835 576 1898 regem
606 1836 699 1879 suum
723 1818 884 1894 secuntur,
915 1825 1147 1902 quocumque8

101 1901 137 1984 it,
161 1903 194 1964 et
210 1902 332 1966 fessum
351 1904 532 1988 sublevant,
555 1907 588 1967 et
607 1904 635 1968 si
654 1904 766 1988 nequit
784 1905 903 1987 volare,
927 1905 1117 1990 succollant,

61 2009 88 2049 20
104 1989 189 2071 quod
212 2011 286 2053 eum
310 2013 439 2056 servare
462 1992 586 2056 volunt.
612 2013 715 2076 neque
733 1994 824 2075 ipsae
843 1996 919 2056 sunt
937 1993 1116 2058 inficientes

102 2098 162 2141 nec
191 2099 257 2142 non
289 2079 427 2143 oderunt
457 2079 588 2144 inertes.
634 2079 744 2162 itaque
776 2079 974 2144 insectantes
1008 2081 1049 2146 ab
1082 2103 1117 2146 se

102 2165 224 2230 eiciunt
247 2167 351 2249 fucos,
380 2166 466 2251 quod
494 2167 528 2232 hi
554 2189 657 2251 neque
686 2166 839 2232 adiuvant
861 2172 895 2232 et
917 2170 982 2233 mel
1005 2192 1116 2235 consu·

102 2259 204 2339 munt,
227 2276 308 2339 quos
333 2255 537 2320 vocificantes
560 2256 669 2338 plures
692 2261 905 2338 persecuntur
924 2258 1022 2322 etiam
1041 2281 1117 2342 pau·

103 2363 167 2410 cae.
220 2349 311 2408 extra
343 2344 463 2408 ostium
492 2345 556 2409 alvi
591 2347 747 2428 opturant
779 2345 900 2428 omnia,
936 2367 1000 2428 qua
1028 2347 1119 2411 venit

65 2429 189 2496 rsinter
209 2431 303 2498 favos
328 2433 470 2517 spiritus,
494 2455 592 2517 quam
615 2432 778 2497 erithacen
802 2433 978 2516 appellant.
993 2433 1115 2498 Graeci.

103 2540 215 2584 omnes
239 2521 332 2585 utin
355 2521 496 2586 exercitu
520 2521 633 2586 vivunt
661 2524 758 2605 atque
787 2520 922 2586 alternis
951 2521 1146 2589 dormiuntt)

104 2611 137 2671 et
166 2630 247 2692 opus
277 2609 401 2675 faciunt
423 2610 546 2695 pariter
569 2613 603 2675 et
626 2613 662 2674 ut
685 2610 828 2675 colonias
852 2611 1002 2692 mittunt,
1030 2610 1117 2695 iique

103 2695 199 2760 duces
239 2698 415 2764 conficiunt
452 2699 611 2783 quaedam
649 2698 689 2763 ad
720 2720 833 2764 vocem
865 2703 902 2763 nt
933 2698 1117 2764 imitatione

103 2785 210 2847 tubae.
255 2790 324 2850 tum
352 2787 384 2851 id
410 2788 547 2871 faciunt,
575 2810 648 2853 cum
675 2789 760 2853 inter
791 2809 825 2853 se
849 2789 946 2874 signa
968 2788 1057 2872 pacis
1081 2809 1118 2853 ac

195 2971 324 3026 lfauum
374 2973 581 3044 ‘llingurriunt
599 2979 673 3046 quod
691 2995 774 3034 nemo
824 2979 900 3034 teis
918 2995 968 3034 om.
1017 2985 1048 3033 11
1070 2978 1118 3046 qui

104 3041 163 3095 eius
182 3045 298 3096 conetur
316 3043 377 3166 Ἢιιί
395 3048 511 3099 conetur
532 3047 571 3116 V)
614 3052 647 3100 14
665 3048 762 3103 dicunt
800 3054 832 3103 16
851 3052 884 3102 ut
901 3064 952 3103 orn.
989 3047 1044 3102 diis
1063 3049 1117 3116 (dis

103 3113 161 3168 cod.
183 3114 263 3182 Par.)
344 3113 435 3167 elicon
454 3116 544 3182 adque
600 3121 632 3171 18
657 3117 804 3188 adtribuit]
830 3118 996 3172 adtribuunt
1050 3134 1118 3185 quo·

103 3201 213 3253 cunque
231 3186 255 3239 it
278 3185 314 3253 V,
339 3200 515 3253 quocumque
537 3185 572 3240 iit
592 3186 716 3256 plurimo
735 3189 896 3256 apoqrapto
969 3192 1001 3242 19
1022 3204 1118 3242 succo·

103 3254 166 3309 lant
237 3261 270 3310 21
289 3255 472 3327 insectantes]
492 3256 678 3326 impectantes
750 3262 785 3311 24
803 3255 878 3311 aluei
951 3263 985 3312 26
1004 3258 1095 3326 adque

194 3441 208 3489 1
228 3435 310 3490 fanus
332 3451 348 3490 a
422 3439 455 3489 16
483 3435 513 3489 et
538 3437 570 3489 ut
592 3435 636 3488 his
662 3432 715 3489 diis
739 3432 887 3488 eliconao
961 3440 993 3489 17
1017 3435 1119 3488 natura

104 3504 234 3561 attribuit
250 3523 298 3562 mo
372 3510 405 3559 19
424 3504 615 3562 succollanto
688 3510 721 3560 21
741 3503 912 3562 insectantes
936 3505 1075 3563 Victorius
