2452 3938
285 165 415 220 RERVM
433 163 669 220 RVSTIGARVM
688 165 756 220 LIB.
770 165 810 218 III
824 171 857 220 16
1021 166 1084 230 159

68 312 178 397 potius
208 332 304 393 quam
333 309 480 393 hiberno,
509 308 595 393 quod
622 308 728 373 hieme
755 309 928 374 difficulter
951 331 1085 375 consue-

70 403 164 465 scunt
194 399 306 483 [quod]
335 399 514 462 translatae
543 419 688 477 manere,
721 399 830 482 itaque
858 397 990 482 fugiunt
1016 398 1085 482 ple-

69 509 213 572 rumque.
260 488 288 551 si
316 507 333 550 e
361 488 447 551 bono
471 487 543 550 loco
566 487 772 550 transtuleris
803 507 855 570 eo,
882 487 939 550 ubi
966 487 1085 551 idonea

69 576 238 660 pabulatio
263 597 329 639 non
352 576 405 657 sit,
427 574 587 660 fugitivae
609 574 701 638 fiunt.
746 596 814 656 nec,
837 575 865 639 si
889 596 927 638 ex
952 576 1024 639 alvo
1048 575 1084 639 in

40 666 179 751 salvum
202 664 237 726 in
261 663 374 727 aedem
396 663 468 727 loco
492 661 633 745 traicias,
658 663 870 748 neglegenter
892 663 1084 748 faciendum,

69 753 126 818 sed
150 756 183 815 et
205 752 241 815 iu
262 772 356 833 quum
378 753 573 815 transiturae
596 751 663 815 sint
683 773 771 836 apes,
794 774 832 815 ea
851 751 995 835 apiastro
1013 761 1136 837 per-22

67 840 226 924 fricanda‚
250 839 336 923 quod
358 840 504 905 inlicium
526 839 589 904 hoc
611 839 687 924 illis,
712 843 744 904 et
767 840 834 905 favi
857 841 974 904 melliti
994 841 1084 906 intus

68 928 212 1012 ponendi
230 950 249 992 a
269 927 417 992 faucibus
431 950 498 992 non
511 928 618 1012 longe,
636 950 686 1011 ne,
704 950 775 993 cum
796 928 1085 993 animadverterint

70 1020 128 1081 aut
154 1017 300 1099 inopiam
328 1037 398 1080 esse
425 1038 444 1077 s
470 1016 622 1081 habuisse
651 1016 729 1082 dicit
747 1066 755 1082 .
772 1017 801 1082 is
831 1018 891 1100 ait,
918 1038 990 1082 cum
1019 1018 1085 1082 sint

25 1135 53 1173 ιο
69 1127 146 1189 apes
178 1104 345 1169 morbidae
377 1108 511 1188 propter
541 1106 692 1188 primoris
724 1127 841 1170 vernos
868 1109 995 1191 pastus,
1028 1106 1084 1190 qui

71 1216 109 1257 ex
141 1193 276 1258 floribus
304 1193 395 1257 nucis
425 1213 561 1278 graecae
590 1196 623 1258 et
650 1215 766 1258 cornus
794 1195 889 1277 fiunt,
924 1194 1083 1260 coeliacas

68 1281 139 1346 fieri
166 1286 263 1366 atque
291 1281 385 1345 urina
412 1284 490 1366 pota
516 1282 716 1347 reficiendas.
767 1284 927 1366 propolim
955 1287 1083 1366 vocant,
1095 1290 1135 1347 23

68 1391 85 1434 e
119 1392 182 1454 quo
213 1369 337 1434 faciunt
365 1370 405 1434 ad
431 1369 579 1435 foramen
610 1370 764 1434 introitus
796 1374 978 1454 protectum
1007 1375 1083 1435 ante
1167 1389 1169 1392 ·

69 1459 179 1523 alvum
202 1458 342 1522 maxime
366 1461 498 1523 aestate.
542 1480 638 1541 quam
662 1480 730 1522 rem
755 1459 853 1522 etiam
876 1459 1007 1523 nomine
1031 1481 1083 1524 eo·

27 1574 55 1615 rs
69 1547 142 1611 dem
166 1547 281 1611 medici
304 1549 439 1611 utuntur
461 1547 497 1609 in
519 1547 715 1631 emplastris,
737 1551 872 1631 propter
897 1568 993 1631 quam
1015 1569 1083 1611 rem

71 1635 168 1699 etiam
192 1635 297 1700 carius
319 1635 355 1698 in
377 1657 469 1700 sacra
492 1635 545 1699 via
568 1657 665 1719 quam
688 1636 752 1700 mel
775 1637 872 1701 venit.
918 1635 1081 1700 erithacen

71 1728 195 1806 vocant,
215 1746 278 1808 quo
297 1723 389 1789 favos
409 1727 568 1789 extremos
587 1725 672 1788 inter
690 1745 724 1788 se
743 1725 979 1810 conglutinant,
997 1724 1083 1809 quod

72 1815 122 1875 est
153 1813 234 1876 aliut
265 1812 362 1876 melle
394 1817 423 1877 et
452 1813 593 1897 propoli:
629 1813 739 1896 itaque
766 1813 801 1876 in
829 1813 890 1878 hoc
917 1815 984 1878 vim
1013 1835 1084 1878 esse

68 1900 243 1967 inliciendi.
279 1902 428 1984 quocirca
447 1923 582 1966 examen
601 1902 657 1966 ubi
677 1904 791 1966 volunt
810 1902 985 1983 considere,
1010 1923 1084 1965 eum

27 2011 195 2056 ceramum
220 1990 357 2054 aliamve
380 2011 477 2073 quam
500 2012 568 2055 rem
593 1990 745 2054 oblinunt
767 1989 830 2054 hoc
853 1989 997 2053 admixto
1017 1989 1083 2071 api·

69 2083 169 2142 astro·
213 2078 305 2142 favus
330 2081 396 2160 est,
419 2099 514 2160 quem
537 2078 667 2160 fingunt
689 2077 936 2141 multicavatum
961 2099 978 2141 e
1001 2099 1083 2163 cera,
1094 2084 1136 2142 24

69 2188 142 2231 cum
171 2167 300 2251 singula
328 2187 408 2230 cava
432 2187 510 2229 sena
531 2166 636 2230 latera
657 2165 814 2248 habeant,
837 2169 918 2250 quot
941 2165 1082 2252 singulis

68 2255 166 2339 pedes
190 2255 278 2319 dedit
300 2258 424 2319 natura
462 2275 566 2338 neque
590 2273 671 2336 quae
695 2252 843 2318 adferunt
866 2254 906 2318 ad
929 2259 1083 2339 quattuor
1195 2254 1199 2260 ’

69 2365 121 2407 res
140 2343 313 2421 faciendas,
336 2343 507 2427 propolim,
530 2341 703 2426 erithacen,
726 2341 846 2426 favum,
869 2343 944 2426 mel,
969 2365 1008 2406 ex
1029 2343 1083 2406 iis-

30 2454 56 2493 as
71 2431 141 2495 dem
161 2432 311 2497 omnibus
334 2432 431 2496 rebus
455 2452 585 2513 carpere
614 2430 733 2495 dicunt.
779 2429 929 2514 simplex,
959 2431 1044 2514 quod
1068 2451 1083 2494 e

70 2521 156 2586 malo
183 2520 302 2606 punico
331 2523 364 2585 et
391 2540 552 2604 asparago
585 2519 691 2583 cibum
724 2523 860 2602 carpant
892 2519 1011 2603 solum,
1044 2541 1083 2583 ex

69 2610 140 2674 olea
164 2610 278 2674 arbore
296 2631 412 2692 ceram,
435 2631 452 2673 e
470 2608 532 2673 fico
552 2608 624 2689 mel,
648 2608 703 2673 sed
721 2629 788 2672 non
806 2609 937 2672 bonum.
966 2607 1083 2692 duplex
1094 2614 1135 2672 25

67 2698 284 2762 ministerium
311 2698 474 2783 praeberi,
501 2700 539 2762 ut
569 2719 586 2761 e
609 2697 694 2782 faba,
717 2697 876 2781 apiastro,
906 2698 1083 2782 cucurbita,

159 2870 250 2920 4non
274 2869 330 2922 sint
402 2871 474 2925 ein
496 2889 581 2940 quam
604 2888 653 2928 om.
725 2871 903 2941 perfricanda
921 2870 1082 2940 (perfrican-

70 2933 136 2987 dum
161 2934 200 3015 ls)
271 2939 399 2995 edicitis
418 2940 460 2994 ait
532 2947 564 2994 11
584 2958 670 2997 cornu
743 2949 776 2997 12
797 2944 880 3012 potas
898 2941 976 2996 refici
995 2943 1029 2995 de
1047 2939 1082 2994 iis

68 3005 209 3074 propolim
281 3012 314 3061 13
333 3009 412 3083 anto]
430 3011 460 3063 in
533 3016 566 3064 l'l
591 3013 658 3083 quo]
678 3012 779 3081 quibus
853 3018 886 3067 18
905 3011 983 3066 aliud
1002 3010 1084 3079 (aliut

69 3077 127 3130 eod.
142 3077 221 3143 Pur.)
240 3077 323 3131 melle
337 3079 449 3147 propoli
463 3095 556 3148 apogr.
571 3088 596 3135 ct
615 3082 700 3149 Vict,
723 3082 802 3136 aliud
820 3082 877 3135 mel
895 3097 911 3134 e
927 3080 1040 3149 propoli
1059 3081 1087 3135 V

68 3153 102 3201 22
123 3146 235 3216 singula
253 3164 338 3203 causa
356 3164 458 3218 opopa,
477 3149 588 3218 singula
607 3167 676 3205 caua
695 3151 722 3205 V
770 3153 850 3219 quot]
870 3153 944 3218 quod
981 3156 1015 3205 23
1035 3150 1082 3205 ad·

68 3218 196 3272 feruntur
267 3224 301 3274 25
321 3235 422 3288 capere
493 3219 568 3287 quod
585 3220 661 3274 malo
1093 3261 1097 3269 .

158 3362 327 3416 9lucuuam
354 3362 491 3416 iudicauit
518 3361 653 3416 Gcsuerus
726 3367 758 3416 12
787 3364 896 3431 potae
969 3366 1082 3428 raquo

68 3431 147 3486 fanos
166 3433 314 3489 Iucundos
387 3439 420 3487 18
438 3433 522 3488 melle
542 3434 571 3486 et
593 3432 703 3503 propoli
727 3433 845 3490 Ursinus
916 3435 950 3488 25
969 3447 1083 3502 carpere

70 3501 216 3559 quutdus
289 3503 398 3559 amalo
417 3505 565 3560 Iucuudus
