2452 3938
271 240 274 248 .
292 155 421 212 RERVM
439 155 678 214 RVSTIGARVM
698 156 764 211 [ΑΒ.
784 158 844 212 115
1033 157 1075 222 99

60 303 188 387 durum,
212 303 318 367 colore
342 301 549 385 potissimum
572 300 680 386 nigro,
711 301 825 365 deinde
848 301 956 382 robes),
979 303 1076 368 tertio

59 392 167 470 helvo,
191 393 309 474 quarto
333 391 421 455 albo:
454 390 666 454 mollissimus
690 390 776 453 enim
798 390 861 472 hic,
883 395 920 455 ut
943 391 1077 456 durissi-

60 501 134 545 mus
156 483 291 564 primus.
335 479 374 542 de
396 479 510 543 mediis
535 478 660 543 duobus
683 478 774 562 prior
796 499 893 562 quam
916 481 1077 563 posterior
1110 488 1127 544 9

63 569 111 650 [in
131 589 168 633 eo
188 569 302 651 prior]‚
324 567 451 652 utrique
470 568 580 650 plures
599 588 696 651 quam
714 567 799 652 nigri
819 571 853 632 et
871 568 946 632 albi.
973 589 1077 653 neque

35 678 130 723 cnon
151 661 321 741 praeterea
343 660 380 720 ut
402 677 508 735 mares
533 656 665 720 seminis
690 656 768 720 boni
791 655 866 739 sint,
889 678 1026 740 quorum
1045 661 1078 723 et

60 747 169 811 forma
197 750 248 810 est
275 745 462 829 spectanda,
490 749 522 810 et
545 745 600 828 qui
623 766 661 808 ex
683 744 736 808 his
760 746 824 810 orti
848 751 924 808 sunt
946 767 1077 828 respon-

61 835 144 899 dent
166 833 208 898 ad
226 836 398 917 parentum
423 833 573 916 speciem3
599 836 632 897 et
652 837 820 916 praeterea
838 833 955 917 quibus
973 834 1078 918 regio-

60 924 159 988 nibus
191 923 261 986 nati
293 923 358 986 sint
387 921 495 986 refert.
547 921 625 987 boni
653 922 739 986 enim
767 922 893 1006 generis
921 923 954 986 in
982 922 1079 987 Italia

59 1011 208 1096 plerique
223 1009 339 1075 Gallici
354 1010 394 1075 ad
409 1031 499 1094 opus,
517 1013 630 1075 contra
643 1013 794 1095 nugatori
808 1010 955 1096 Ligusci3
974 1015 1077 1076 trans·
1090 1017 1131 1074 10

20 1123 46 1164 10
60 1099 182 1165 marini
204 1099 364 1183 Epirotici
386 1121 452 1164 non
479 1100 585 1164 solum
615 1100 765 1164 meliores
789 1101 890 1164 totius
915 1099 1079 1184 Graeciae,

62 1188 122 1254 sed
151 1188 252 1253 etiam
275 1209 372 1274 quam
395 1187 520 1253 Italiae.
566 1189 697 1252 tametsi
727 1188 858 1272 quidam
883 1188 922 1253 de
946 1188 1078 1266 Italicis,

62 1299 146 1362 quos
183 1280 318 1361 propter
356 1277 602 1361 amplitudinem
638 1283 804 1359 praestare
842 1277 968 1361 dicunt,
1009 1279 1077 1360 [ad]

61 1366 216 1431 victimas
244 1365 370 1430 faciunt
396 1369 492 1449 atque
520 1365 561 1429 ad
590 1364 723 1429 deorum
751 1369 882 1430 servant
911 1367 1078 1450 supplicia,

63 1454 127 1538 qui
145 1454 214 1518 sine
238 1453 335 1518 dubio
359 1453 399 1517 ad
422 1475 473 1518 res
497 1453 623 1517 divinas
647 1457 780 1537 propter
799 1453 992 1537 dignitatem
1013 1477 1078 1518 am·

22 1567 49 1609 m
63 1542 236 1628 plitudinis
260 1548 293 1606 et
316 1542 431 1607 coloris
455 1542 684 1626 praeponendi.
730 1542 815 1625 quod
844 1563 881 1606 eo
905 1542 1010 1624 magis
1033 1542 1080 1624 fit,

64 1631 153 1715 quod
176 1631 244 1695 albi
268 1630 423 1695 initalia
445 1652 511 1694 non
534 1634 603 1694 tam
626 1631 809 1715 frequentes
834 1652 929 1714 quam
954 1632 1077 1714 [quam]

63 1721 101 1784 in
125 1719 264 1784 Thracia
287 1719 327 1783 ad
350 1716 477 1803 μέλανα
499 1715 643 1801 κόλπον,
671 1719 728 1784 ubi
757 1719 821 1784 alio
845 1720 952 1784 colore
974 1719 1079 1804 pauci.

65 1830 122 1873 eos
137 1829 209 1872 cum
224 1809 361 1872 emimus
376 1809 526 1892 domitos,
545 1809 739 1892 stipulamur
758 1808 813 1893 sic,
837 1807 961 1874 ‘illosce
979 1809 1079 1874 boves

65 1918 163 1962 sanos
178 1919 248 1961 esse
262 1897 419 1980 noxisque
436 1897 620 1981 praestari'3
645 1920 718 1962 cum
738 1898 874 1962 emimus
893 1897 1078 1980 indomitos,
1091 1905 1129 1960 11

24 2010 52 2050 ao
66 1987 128 2069 sic,
157 1983 280 2050 ‘illosce
308 1985 460 2050 iuvencos
490 2008 586 2051 sanos
615 1991 701 2049 recte
730 1986 831 2069 deque
860 2006 975 2070 pecore
999 2006 1079 2049 sano

64 2095 137 2140 esse
160 2072 316 2157 noxisque
338 2076 500 2158 praestari
523 2072 748 2158 spondesne'l'.
790 2073 887 2157 paulo
912 2073 1079 2138 verbosius

63 2163 155 2246 haec,
175 2162 229 2246 qui
248 2161 361 2226 Manili
381 2163 524 2227 actiones
544 2165 695 2226 secuntur
708 2162 797 2245 lanii,
816 2161 872 2245 qui
887 2161 927 2225 ad
942 2161 1079 2226 cultrum

63 2252 183 2318 bovem
207 2255 329 2314 emunt:
367 2251 422 2334 qui
452 2250 491 2314 ad
516 2250 642 2331 altaria,
665 2250 792 2314 hostiae
816 2251 990 2314 sanitatem
1014 2273 1079 2315 non

65 2341 173 2406 solent
197 2339 355 2421 stipulari.

24 2450 49 2492 ao
116 2448 127 2457 ··
158 2427 340 2492 Pascuntur
369 2431 514 2492 armenta
542 2426 806 2502 commodissime
828 2427 863 2489 in
884 2424 1081 2507 nemoribus,

64 2516 122 2581 ubi
154 2517 298 2600 virgulta
332 2521 364 2580 et
395 2515 486 2581 frons
518 2516 637 2579 multa:
669 2514 775 2579 hieme
804 2536 876 2578 cum
906 2512 1081 2577 hibernant

64 2605 243 2671 secundum
266 2626 365 2686 mare,
389 2607 458 2668 aest
459 2627 481 2667 u
504 2604 681 2688 abiguntur
699 2605 733 2668 in
753 2607 845 2669 mont
846 2624 880 2668 es
831 2603 1080 2667 t.frond0sos

63 2697 200 2778 propter
222 2693 363 2757 feturam
385 2692 466 2757 haec
489 2715 616 2758 servare
636 2695 733 2758 soleo,
771 2696 846 2758 ante
865 2692 1080 2757 admissuram
1093 2699 1132 2755 12

63 2804 210 2847 mensem
237 2804 337 2846 unum
368 2803 409 2846 ne
437 2781 726 2866 ciboet'tp01one
750 2804 784 2846 se
806 2782 965 2865 inpleant
994 2781 1079 2865 quod

157 2979 170 3027 1
195 2972 260 3028 delfi
283 2973 395 3044 (deinde
422 2972 453 3043 V,
478 2973 542 3028 dein
561 2975 722 3044 apoprapba
749 2975 896 3043 annualia)
995 2971 1079 3026 tertio

60 3043 164 3100 theluo
225 3049 242 3097 4
259 3044 290 3098 m
310 3061 342 3098 eo
360 3044 449 3126 prior]
469 3047 671 3100 mendicantem
690 3045 844 3113 adpositam
863 3060 917 3098 esee
935 3043 1080 3098 mactavit

66 3116 211 3171 Victorius
284 3115 390 3170 bmari
461 3115 530 3187 siut]
550 3118 614 3170 suut
686 3115 791 3185 Sciat]
810 3116 875 3168 eunt
946 3111 1080 3181 illigasti

62 3193 98 3241 22
118 3185 229 3240 mamili
300 3186 419 3242 actionis
492 3193 527 3240 24
545 3186 657 3240 soluent
728 3191 762 3239 27
782 3183 932 3252 abigantur

156 3370 170 3417 1
190 3362 275 3418 tertio
298 3362 382 3418 heluo
406 3380 421 3418 v
530 3363 598 3416 but
619 3379 710 3417 mares
735 3359 848 3416 seminis
873 3359 939 3414 boui
958 3357 1015 3412 sint
1032 3372 1079 3411 mo

61 3441 97 3490 12
136 3435 172 3488 ad
202 3442 266 3491 cate
297 3433 428 3488 victimas
460 3433 602 3489 alendam
634 3449 687 3489 esse
724 3433 868 3488 adnotavit
899 3429 1080 3484 Schneiderus

62 3513 97 3561 22
117 3506 230 3560 Manilii
248 3505 408 3560 actioneeo
482 3511 516 3559 24
535 3506 693 3560 solentino
766 3511 799 3559 2¹1
822 3501 978 3570 abiguntur
993 3518 1012 3553 a

900 3587 941 3641 islo
