2452 3938
155 142 198 209 68
566 157 754 213 VARRONIS

155 288 250 373 velis,
279 296 366 378 quod
388 319 455 364 non
477 300 530 385 fit,
554 305 726 386 antequam
745 299 918 366 accesserit
939 319 1056 366 onnus:
1085 300 1174 374 anni-

157 380 264 446 culum
291 386 410 468 prodit.
456 389 483 452 si
514 393 564 454 est
592 413 668 463 vero
697 413 736 455 ex
760 412 798 455 eo
822 410 939 475 genere
961 410 1058 473 uvae,
1088 389 1175 473 quod

157 472 285 535 mature
309 480 469 562 oocescat,
497 483 572 543 ante
597 478 794 543 vindemiam
816 477 963 543 consumi
985 480 1042 542 aut
1065 477 1175 542 venire

158 562 297 645 oportet.
334 586 454 650 genera
473 572 548 631 sunt
566 568 643 652 vini,
662 569 697 632 in
712 590 774 651 quo
789 566 936 652 Falerna,
954 587 1038 650 quae
1053 570 1175 652 quanto

159 649 261 734 pluris
285 673 388 720 annos
412 656 544 721 condita
566 657 763 740 habuerunt,
791 659 894 742 tanto,
916 677 989 721 oum
1013 661 1176 740 prompta,
1200 675 1211 716 5

160 742 236 804 sunt
259 739 484 812 fructuosiora.
863 780 869 790 ·
1142 757 1156 793 θ

94 844 183 902 LXVI
250 826 346 897 Oleas
378 834 470 899 albas
502 857 583 918 quas
614 834 810 915 condideris,
839 855 941 898 novas
971 831 1001 896 si
1030 833 1176 896 celeriter

159 940 301 1005 promas,
320 923 397 1002 [nisi
415 923 610 1004 condideris]
629 927 763 1006 propter
782 920 1030 987 amaritudinem
1051 922 1177 1004 respuit

159 1009 321 1093 palatum3
349 1011 427 1075 item
456 1012 581 1097 nigras,
609 1012 673 1075 nisi
700 1011 791 1096 prius
819 1032 874 1076 eas
898 1011 965 1074 sale
992 1011 1178 1093 maceraris,

160 1101 198 1162 ut
219 1099 359 1163 libenter
381 1100 416 1163 in
440 1122 476 1165 os
500 1100 708 1184 recipiantur.
859 1165 863 1172 ,
1188 1123 1210 1162 ro

94 1199 196 1256 LXVII
251 1186 376 1253 Nucem
395 1189 582 1274 iuglandem
602 1192 635 1254 et
653 1189 832 1273 palmulam
851 1191 885 1252 et
902 1187 1002 1252 ficum
1021 1185 1177 1251 Sabinam

163 1279 287 1359 quanto
307 1277 402 1342 citius
420 1300 560 1362 promas,
583 1278 771 1343 iucundiore
789 1280 890 1358 utare,
910 1276 996 1360 quod
1014 1278 1178 1341 vetustate

162 1365 243 1429 ficus
265 1365 304 1430 fit
326 1366 489 1452 pallidior,
511 1368 656 1452 palmula
679 1366 842 1449 cariosior,
864 1387 932 1429 nux
955 1363 1086 1431 aridior.

91 1468 207 1523 LXVIII
250 1454 405 1540 Pensilia,
428 1460 465 1521 ut
488 1478 578 1540 uvae,
601 1457 689 1520 mala
713 1458 746 1519 et
770 1455 877 1539 sorba,
898 1454 972 1538 ipsa
996 1453 1179 1531 ostendunt,

163 1544 291 1629 quando
316 1544 357 1609 ad
380 1565 473 1610 usum
498 1547 649 1629 oporteat
671 1544 787 1627 promi,
810 1543 895 1628 quod
919 1542 1026 1608 colore
1050 1545 1210 1608 mutaton

162 1636 196 1697 et
219 1636 387 1698 contractu
411 1633 588 1716 acinorum,
612 1634 639 1698 si
662 1655 729 1698 non
753 1631 933 1717 dempseris
952 1631 993 1696 ad
1012 1631 1178 1715 edendum,

163 1721 204 1784 ad
237 1721 441 1785 abiciendum
473 1722 704 1786 descensurum
735 1743 769 1786 se
797 1721 1000 1786 minitantur.
1047 1721 1178 1785 sorbum

162 1811 326 1873 maturum
356 1810 434 1873 mite
465 1810 631 1875 conditum
661 1809 757 1875 citius
789 1811 896 1894 promi
920 1811 1063 1894 oportet:
1094 1831 1179 1875 acer·

161 1897 239 1962 bum
269 1898 356 1963 enim
386 1919 579 1981 suspensum
608 1899 729 1964 lentius
760 1903 825 1982 est,
856 1898 940 1982 quod
969 1898 1063 1982 prius
1091 1898 1179 1963 dorni

162 1988 386 2052 maturitatem
419 1987 554 2071 adsequi
587 1988 673 2072 vult,
705 2009 803 2071 quam
840 1987 954 2071 nequit
987 1986 1022 2050 in
1055 1986 1210 2071 arborea

164 2098 262 2158 quam
285 2076 444 2142 mitescat.

111 2176 198 2232 LXIX
251 2163 395 2229 Massam
426 2163 478 2230 far
509 2164 724 2248 promendum
754 2164 861 2228 hieme
893 2164 927 2228 in
963 2162 1105 2247 pistrino
1140 2163 1179 2230 ad

162 2253 364 2338 torrendum,
398 2254 483 2338 quod
514 2254 554 2318 ad
577 2255 730 2319 ‘cibatum
762 2252 948 2337 expeditum
980 2273 1050 2317 esse
1084 2253 1179 2336 velis;

163 2342 249 2425 quod
272 2342 313 2407 ad
337 2343 505 2421 sationem,
527 2347 597 2407 tum
621 2341 845 2426 promendum,
868 2363 942 2406 oum
965 2344 1092 2426 segetes
1114 2363 1179 2407 ma·

161 2434 256 2496 turae
285 2435 360 2496 sunt
389 2431 430 2495 ad
458 2431 690 2514 accipiendum.
735 2431 920 2515 itemquae
947 2430 1114 2514 pertinent
1140 2430 1212 2496 ada

164 2521 334 2604 sationem,
358 2541 416 2584 suo
440 2542 568 2604 quoque
591 2524 739 2604 tempore
762 2519 951 2603 promenda.
997 2540 1080 2603 quae
1106 2541 1179 2584 vcn-

163 2608 267 2675 denda
286 2609 467 2693 videndum,
486 2630 568 2692 quac
587 2630 714 2693 quoque
733 2612 879 2690 tempore
894 2610 1044 2691 oporteat
1058 2608 1179 2692 promi:

164 2697 230 2761 alia
249 2697 345 2779 enim,
364 2717 444 2780 quae
463 2719 593 2761 manere
611 2719 676 2761 non
695 2700 842 2782 possunt,
861 2700 1036 2780 antequam
1056 2719 1091 2762 se
1106 2718 1179 2763 con·

164 2787 299 2864 mutent,
322 2788 359 2848 ut
382 2785 529 2849 celeriter
551 2808 681 2869 promas
702 2808 739 2850 ac
758 2785 892 2869 vendas3
917 2785 991 2869 alia,
1013 2807 1098 2869 quae
1118 2807 1180 2852 ser-

256 2981 270 3029 1
290 2979 466 3030 accesserunt
484 2977 645 3032 anniculum
731 2983 747 3032 3
766 2979 915 3032 eooesoant
989 2981 1096 3046 Iquas
1117 2994 1179 3033 con-

164 3046 238 3102 deris
310 3047 350 3101 sio
368 3046 496 3102 celeriter
569 3055 602 3103 14
620 3049 664 3120 ut]
683 3052 734 3104 aut
804 3065 888 3117 soma
961 3051 993 3100 1⁶
1014 3048 1122 3120 colore]
1137 3065 1181 3104 co·

164 3120 251 3173 leram
342 3124 375 3172 17
395 3120 521 3190 corbum]
544 3125 625 3174 so'ruo
699 3126 732 3175 18
751 3120 883 3174 acerbum
906 3121 1050 3189 (aceruum
1074 3121 1181 3190 opopa)

166 3196 199 3244 28
219 3206 274 3258 quo
293 3205 406 3244 manere

166 3288 379 3311 ---—k.-.-.

256 3373 270 3420 1
291 3368 357 3423 ante
376 3383 460 3435 quam
479 3347 628 3422 accesserit
645 3383 733 3422 annus
751 3369 897 3423 Incrmdua
961 3374 976 3422 7
995 3383 1065 3436 quas
1086 3369 1182 3422 condi-

167 3437 275 3493 derisv
347 3438 371 3492 si
390 3436 518 3493 celeriter
539 3437 677 3494 Victorius
765 3444 799 3493 14
817 3441 850 3493 ut
869 3455 942 3493 uuae
959 3456 1007 3494 mo
1082 3445 1115 3494 15
1135 3457 1182 3496 co·

166 3507 226 3564 lore
244 3525 291 3563 mo
383 3515 415 3563 17
435 3509 548 3564 sorbum
566 3512 706 3564 maturum
727 3527 773 3564 mo
859 3515 893 3564 28
912 3526 983 3579 quae
1002 3525 1116 3566 manere
1135 3529 1181 3567 mc
