2452 3938
255 162 385 218 RERVM
402 161 774 219 avsulcnavunlss.111
793 170 809 219 5
981 166 1056 262 135,

36 309 154 375 avium.
199 309 286 373 intra
318 311 420 372 retem
453 330 529 373 aves
562 312 652 374 sunt'
670 310 878 395 omnigenus,
910 311 1102 377 maxime14

34 398 204 481 cantrices,
226 400 264 461 ut
286 396 476 461 lusciniolae
500 418 538 461 ac
560 398 715 479 merulae,
744 397 860 483 quibus
884 420 968 482 aqua
991 399 1049 463 mi·

32 487 194 551 nistrctur
221 507 280 569 per
307 486 535 565 canaliculum,
564 486 653 551 cibus
682 486 822 551 obicitur
851 487 910 551 sub
937 489 1049 552 retem.

34 576 147 639 subter
166 573 389 638 columnarum
409 574 595 658 stylobaten
613 576 663 638 est
680 574 763 657 lapis
783 597 803 638 a
821 575 920 639 falere
934 575 1049 659 pedem

10 667 66 735 set
89 663 282 728 dodrantem
305 662 384 726 alta:
421 662 528 746 ipsum
551 662 651 726 falere
674 663 715 728 ad
739 663 802 727 duo
824 663 923 747 pedes
948 664 1049 728 altum

34 775 51 816 a
79 756 215 836 stagno,
242 751 346 814 latum
375 751 414 815 ud
443 750 596 834 quinque,
626 754 664 815 ut
692 752 726 815 in
750 752 883 816 culcitas
907 755 941 815 et
964 753 1049 817 colu-

32 840 148 905 mellas
187 840 341 904 convivae
378 839 513 922 pedibus
547 839 715 903 circumire
746 839 882 923 possint.
936 839 1049 904 infimo

32 930 121 994 intra
144 928 244 992 falere
268 930 318 991 est
337 930 491 1011 stagnum
510 949 583 991 cum
602 929 748 1013 margine
766 928 873 1012 pedali
892 930 925 992 ct
943 928 1049 993 insula

32 1020 66 1082 in
100 1016 206 1081 medio
237 1037 348 1100 parva.
394 1015 514 1079 circum
540 1015 641 1081 falere
670 1021 703 1081 et
729 1017 859 1081 navalia
889 1019 966 1081 sunt
996 1037 1050 1080 ex-

10 1109 150 1171 roavaca
177 1105 322 1169 anatium
351 1104 509 1168 stabula
532 1105 568 1168 in
595 1105 704 1170 insula
731 1109 780 1169 est
803 1105 984 1189 columella,
1014 1104 1101 1172 in15

33 1217 98 1279 qua
120 1194 209 1257 intus
234 1193 318 1276 axis,
346 1194 402 1277 qui
429 1214 489 1275 pro
517 1214 630 1257 mensa
653 1193 792 1258 sustinet
815 1197 921 1258 rotam
944 1193 1049 1258 radia·

32 1286 111 1363 tam,
133 1283 181 1345 ita
203 1284 240 1344 ut
264 1281 304 1344 ad
328 1285 516 1363 extremum,
539 1281 596 1345 ubi
619 1281 720 1345 orbile
745 1283 828 1346 solet
848 1303 917 1346 esse
938 1304 1049 1347 arcua-

32 1374 114 1454 tum,
141 1368 255 1433 tabula
283 1372 398 1434 cavata
427 1369 471 1433 sit
497 1372 534 1433 ut
559 1372 753 1452 tympanum
780 1370 815 1433 in
842 1369 1050 1434 latitudinem

33 1459 96 1524 duo
115 1457 214 1542 pedes
234 1460 267 1521 et
285 1457 491 1541 semipedem,
509 1457 544 1521 in
564 1457 637 1521 altit
639 1457 767 1520 udinem
786 1457 939 1541 palmum.
969 1459 1050 1522 haec

9 1549 74 1612 sab
104 1568 169 1610 uno
198 1567 311 1630 puero,
341 1546 397 1628 qui
425 1545 603 1629 ministrat,
629 1546 677 1609 ita
700 1545 848 1628 vertitur,
875 1549 913 1610 ut
941 1545 1050 1610 omnia

32 1658 100 1701 una
122 1638 290 1721 ponantur
319 1639 352 1698 et
380 1633 420 1697 ad
444 1595 617 1697 bibendum
640 1636 674 1698 et
698 1633 738 1698 ad
761 1634 917 1699 edendum
942 1636 975 1697 et
999 1634 1050 1699 ad·

32 1726 224 1791 moveantur
252 1722 293 1786 ad
323 1728 434 1787 omnes
462 1723 623 1787 convivas.
670 1744 708 1787 ex
741 1727 896 1807 suggesto
928 1722 1102 1808 faleriS,16

33 1815 92 1878 ubi
129 1812 237 1877 solent
269 1833 341 1875 csse
373 1811 642 1912 peripetasmata,
679 1812 840 1964 prodeunt
872 1812 1025 1877 anates
1015 1834 1051 1876 m

34 1906 189 1986 stagnum
213 1923 250 1966 ac
272 1903 366 1985 nant,
390 1921 407 1964 e
431 1921 494 1984 quo
517 1900 605 1964 rivus
629 1900 778 1982 pervenit
799 1901 834 1963 in
858 1899 947 1983 duas,
971 1923 1050 1984 quas

10 1989 116 2073 ldixi,
144 1989 300 2072 piscinas,
328 2010 365 2052 ac
391 1988 540 2072 pisciculi
566 1988 652 2052 ultro
682 2009 719 2052 ac
751 1989 831 2051 citro
856 1991 1051 2071 conmetant,

32 2100 108 2143 cum
128 2083 162 2140 et
180 2099 263 2159 aqua
282 2076 385 2142 calida
403 2080 436 2139 ct
453 2076 572 2159 frigida
591 2097 630 2139 ex
649 2076 720 2139 orbi
738 2075 848 2158 ligneo
867 2097 1050 2159 mensaque,

33 2188 133 2251 quam
165 2165 231 2228 dixi
257 2165 292 2228 in
319 2163 432 2247 primis
461 2163 560 2227 radiis
589 2184 675 2244 esse,
708 2162 861 2245 epitoniis
885 2163 987 2228 versis
1011 2162 1051 2227 ad

32 2276 135 2320 unum
159 2274 315 2336 quemque
338 2251 459 2317 factum
483 2251 526 2315 sit
549 2254 586 2315 ut
607 2251 689 2314 fluat
709 2251 890 2316 convivam.
934 2252 1105 2330 istun-17

34 2365 128 2408 secus
152 2342 211 2406 sub
237 2340 329 2405 tholo
349 2340 446 2405 stella
465 2339 577 2404 lucifer
596 2338 746 2420 interdiu,
768 2342 867 2403 noctu
884 2338 1051 2422 hesperus,

10 2447 20 2487 ⁵
35 2431 85 2496 ita
96 2431 298 2495 circumeunt
312 2429 353 2492 ad
366 2428 514 2493 infimum
527 2427 803 2510 hemisphaerium
818 2447 855 2491 ac
872 2428 1051 2509 moventur,

34 2523 74 2585 ut
96 2519 250 2600 indicent,
273 2521 352 2603 quot
376 2517 441 2581 siut
464 2516 570 2580 horae.
617 2516 651 2579 in
676 2515 789 2580 eodem
810 2514 1050 2597 hemisphaerio

33 2607 143 2673 medio
172 2608 292 2671 circum
320 2605 482 2670 cardinem
512 2607 563 2668 est
592 2603 680 2669 orbis
704 2607 874 2668 ventorum
899 2607 986 2685 octo,
1013 2607 1051 2667 ut

32 2696 175 2761 Athenis
209 2696 245 2759 in
276 2694 464 2778 horologio,
497 2692 582 2776 quod
615 2693 692 2758 fecit
724 2691 904 2776 Cyrrestes3
941 2692 1051 2776 ibique

33 2785 182 2849 eminens
210 2784 317 2848 radius
347 2805 366 2847 a
395 2782 524 2847 cardine
553 2781 593 2846 ad
621 2783 733 2846 orbem
761 2782 808 2846 ita
831 2784 1037 2864 movetur,u
1015 2783 1054 2844 ut

10 2890 110 2937 ›eum
134 2875 252 2956 tangat
274 2875 416 2954 ventum,
439 2871 494 2956 qui
517 2870 582 2954 liet,
559 2871 675 2935 tut
666 2874 716 2934 rut
717 2893 754 2934 us
778 2870 859 2934 scire
882 2869 998 2956 possis.

127 2959 209 3026 Cum
231 2962 311 3025 haec
334 2961 547 3043 loqueremur,
571 2959 694 3024 clamor
715 2960 785 3022 fit
776 2982 812 3023 ιιι
835 2979 957 3041 campo.
992 2978 1052 3021 nos
1065 2980 1104 3038 18

127 3134 217 3188 5duo
236 3134 317 3204 (duos
341 3134 381 3201 V)
445 3138 476 3185 12
497 3129 622 3184 acuitum
678 3138 711 3185 18
729 3129 951 3199 peripetasmata
969 3127 1053 3196 (peri-

34 3206 195 3345 pppqtspsrata
213 3204 285 3273 Pol.)
317 3208 361 3256 19
381 3201 510 3272 peruenit
529 3200 670 3269 (prouenit
693 3200 731 3268 V)
778 3204 812 3252 26
832 3198 907 3265 quod
954 3204 987 3252 28
1007 3216 1053 3267 cy-

122 3440 162 3560 2112
189 3436 336 3559 qqcuatnm
366 3433 501 3489 scarras
578 3435 613 3484 28
642 3429 804 3499 Cyrrhestcs
835 3426 978 3483 Turnebus
1005 3427 1054 3481 ad-

35 3521 104 3561 vers.
160 3546 169 3573 ,
