2452 3938
247 179 378 236 RERVM
396 179 636 237 Rvsrrcravn
655 182 722 239 LIB.
737 182 776 236 III
795 189 811 236 5
975 185 1039 250 133

23 326 144 391 etalio
164 329 309 410 tempore
328 329 472 391 turtures
492 348 530 392 aa
548 328 730 392 coturnices
749 328 873 393 inmani
893 351 1039 398 numero.

22 415 84 481 hoe
116 416 165 480 ita
196 415 266 479 fieri
298 418 433 499 apparet
464 415 499 479 in
530 416 645 480 insulis
677 416 868 501 propinquis
901 416 1039 503 Pontiis,

22 503 219 587 Palmariae,
249 501 471 569 Pandateriae.
517 503 563 567 ibi
586 504 730 568 enimin
753 506 859 588 prima
882 507 1040 591 volatura,

23 615 97 658 eum
115 592 259 674 veniunt,
279 590 534 676 moranturdies
553 614 675 675 paucos
698 593 919 677 requiescendi
942 617 1040 660 causa

21 683 165 765 itemque
189 680 322 763 faciunt,
345 702 418 745 oum
442 702 481 745 ex
504 679 602 745 ltalia
624 685 716 746 trans
740 704 829 747 mara
852 687 1008 748 remeant.

111 768 238 853 Appius
262 768 356 852 Axio,
380 767 415 834 si
438 769 579 853 quinque
603 769 693 834 milia
716 771 777 835 hoo
801 772 968 857 eoieoeris,
991 773 1038 836 in·
1072 784 1090 840 8

21 859 102 944 quit,
135 860 168 922 et
200 858 262 922 erit
293 858 425 942 epulum
457 879 494 923 ao
525 858 719 943 triumphus,
753 860 921 945 sexaginta
948 860 1040 925 milia

21 968 104 1032 quae
131 947 182 1010 vis
211 946 323 1011 statim
356 948 390 1011 in
417 946 511 1010 fenus
540 946 594 1011 des
624 947 736 1012 licebit
762 947 910 1014 multum.
958 949 1039 1014 Tum

20 1037 111 1118 mibi,
137 1035 188 1100 Tu
207 1034 258 1099 die
276 1036 351 1099 illut
370 1035 507 1100 alterum
526 1056 628 1121 genus
648 1035 841 1122 ornithonis,
864 1037 920 1121 qui
939 1037 1040 1103 animi

23 1145 122 1191 eausa
151 1124 345 1190 constitutus
374 1125 449 1188 ate
474 1125 532 1188 sub
557 1123 677 1190 Casino
700 1126 821 1205 fertur,
848 1126 884 1190 in
907 1148 971 1211 quo
996 1127 1039 1190 di·

21 1214 105 1280 ceris
138 1213 235 1297 longe
269 1213 385 1277 vicisse
412 1233 479 1279 non
507 1214 604 1279 modo
633 1213 833 1299 archetypon
860 1215 1039 1281 inventoris

21 1302 127 1368 nostri
152 1301 440 1386 ornithotrophion
461 1299 505 1366 M.
524 1302 626 1365 Laeni
651 1300 832 1386 Strabonis,
857 1304 912 1387 qui
936 1303 1039 1369 Brun·

21 1392 98 1458 disii
121 1391 240 1474 hospes
263 1393 375 1456 noster
393 1390 517 1474 primus
536 1390 569 1454 in
588 1391 746 1475 peristylo
765 1390 881 1455 habuit
899 1391 1040 1456 exhedra

22 1480 189 1547 conclusas
214 1501 300 1564 aves,
323 1501 403 1563 quas
427 1482 575 1562 pasceret
597 1479 723 1544 obiecto
747 1482 832 1562 rete,
860 1478 1039 1543 sedetiam

22 1571 56 1634 in
74 1568 261 1634 Tusculano
281 1589 400 1654 magna
420 1567 567 1633 aedificia
586 1567 719 1633 Luculli.
760 1566 844 1642 Quoi
863 1587 933 1652 ego,
956 1565 1038 1634 (lum
1072 1581 1089 1637 9

21 1659 161 1724 habeam
190 1658 249 1722 sub
278 1658 397 1742 oppido
422 1654 538 1722 Casino
561 1657 698 1735 fiumen,
728 1657 813 1741 quod
841 1678 900 1740 per
926 1656 1039 1721 villam

22 1747 117 1831 fluat,
146 1746 303 1831 liquidum
333 1750 366 1810 et
396 1746 497 1810 altum
525 1744 729 1833 marginibus
757 1745 907 1830 lapideis,
935 1745 1039 1811 latum

22 1837 119 1920 pedes
145 1835 380 1920 quinquaginta
403 1839 542 1920 septem,
570 1839 604 1900 et
626 1857 643 1899 e
667 1834 747 1900 villa
768 1835 804 1899 in
827 1835 938 1898 villam
961 1856 1039 1919 pon-

21 1926 111 1990 tibus
135 1927 334 2007 transeatur,
363 1924 496 2009 longum
525 1925 623 2007 pedes
646 1940 780 1989 Dcccon
811 1923 974 1988 derectum
998 1922 1039 1985 ab
1074 1933 1084 1947 ⁸

22 2014 132 2080 insula
156 2013 211 2097 [ad
235 2014 406 2094 museum],
428 2033 509 2095 quae
534 2013 640 2076 estin
662 2013 729 2076 imo
752 2011 861 2093 fluvio,
884 2010 940 2074 ubi
965 2031 1039 2074 oon·
1180 2022 1184 2026 ’

21 2103 94 2169 fluit
113 2103 215 2166 altera
235 2101 349 2184 amnis,
368 2099 410 2165 ad
424 2097 584 2164 summum
599 2099 729 2184 fiumen,
747 2099 804 2163 ubi
818 2102 869 2163 est
883 2120 1040 2184 museum,

23 2193 143 2257 circum
161 2190 257 2255 huius
276 2190 363 2273 ripas
384 2188 562 2255 ambulatio
582 2189 642 2252 sub
663 2188 716 2253 dio
735 2186 832 2272 pedes
846 2187 916 2252 lata
929 2189 1040 2272 denos,
1052 2201 1092 2258 10

23 2281 64 2345 ab
97 2281 160 2345 hae
196 2277 403 2360 [ambulatio]
435 2281 485 2342 est
512 2278 547 2341 in
575 2297 689 2361 agrum
716 2296 827 2341 versus
856 2275 1039 2341 ornithonis

22 2369 114 2434 loeus
142 2389 180 2432 ex
208 2367 333 2432 duabus
360 2366 507 2450 partibus
538 2366 651 2430 dextra
676 2368 708 2429 et
731 2364 865 2429 sinistra
888 2363 1038 2428 maceriis

9 2456 103 2520 »altis
130 2457 309 2523 oonolusus.
353 2456 438 2519 inter
467 2477 547 2539 quas
576 2456 665 2520 loeus
694 2455 748 2538 qui
775 2457 825 2517 est
855 2451 1039 2518 ornithonis

23 2547 131 2630 [patet
161 2544 196 2609 in
228 2544 433 2609 latitudinem
465 2544 562 2628 pedes
599 2545 723 2624 xnvrn]
762 2541 961 2608 deformatus
999 2540 1040 2605 ad

20 2634 154 2699 tabulae
181 2633 359 2698 litterariae
387 2633 527 2717 speeiem
556 2655 628 2698 oum
656 2632 813 2717 capitulo,
840 2629 947 2697 forma
977 2651 1041 2713 qua

115 2812 131 2860 2
149 2806 244 2877 pontis
304 2813 320 2861 3
339 2807 520 2876 pandateriae
540 2783 753 2891 (pandatlieriae
777 2806 816 2876 V)
872 2812 888 2860 6
908 2802 1042 2861 coiecerie

22 2875 189 2947 (eouieoerie
213 2878 252 2947 V)
313 2882 328 2930 8
348 2879 468 2932 multum
488 2878 533 2931 die
551 2878 617 2933 rllut
677 2884 709 2932 12
729 2877 874 2932 brundusii
894 2873 1042 2946 (brundisii

21 2949 81 3004 cod.
103 2949 183 3018 Par.)
257 2954 290 3002 13
313 2948 444 3018 peristilo
488 2949 656 3003 .exhedera
730 2953 762 3002 15
789 2963 892 3016 magno
912 2945 1041 3001 aedificio

23 3024 58 3074 16
77 3019 157 3092 quoi]
177 3018 225 3088 qui
298 3025 332 3074 1⁷
352 3019 454 3090 altum]
474 3019 561 3073 alium
634 3024 668 3072 20
686 3019 805 3089 inimo]
825 3017 918 3072 animo
973 3031 1042 3068 oon-

20 3091 93 3144 fluet
165 3095 199 3144 25
219 3092 300 3162 quas]
320 3107 390 3158 quos
463 3095 496 3143 27
517 3091 652 3158 quaeest

115 3248 259 3304 2Pontiis
287 3249 426 3304 Victorius
499 3253 515 3301 8
539 3246 589 3301 des
612 3245 718 3300 licebit.
746 3248 806 3300 tum
830 3242 913 3311 mihi,
941 3243 973 3296 tu
997 3242 1041 3295 dio

23 3320 174 3376 Iuormdua
219 3325 252 3374 1⁶
272 3319 318 3374 oui
337 3335 390 3388 ego
410 3319 557 3374 Iuouudua
603 3323 635 3371 17
656 3317 746 3371 altum
764 3315 910 3370 Iueuudue
952 3317 986 3367 20
1005 3311 1042 3364 ad

22 3406 152 3446 museum
179 3391 276 3446 delevit
307 3390 425 3445 Ursinus
502 3390 538 3444 ab
565 3389 623 3444 imo
651 3388 737 3442 fluuio
766 3387 910 3442 Turnebus
937 3385 1041 3439 adeera

22 3467 69 3531 21,
88 3465 128 3519 23
191 3459 341 3516 confluite
405 3467 438 3516 25
457 3461 531 3516 iuter
550 3477 655 3528 quaso
714 3464 748 3514 2⁷
767 3475 822 3527 qua
841 3458 885 3513 est
903 3454 1043 3526 quadrata

23 3535 155 3590 Pithoeus
172 3532 298 3588 subdote.
318 3536 345 3600 1,
362 3537 399 3588 12
