2452 3938
251 159 381 236 RERVM
398 158 634 214 avsncsavu
653 160 720 216 LIB.
736 161 748 213 I
763 165 868 215 49-52
1027 159 1068 223 61

56 327 164 390 aquo
192 307 303 388 potest
330 304 499 368 nominata
526 325 596 368 esse
625 304 728 387 palea.
774 305 831 368 alii
855 309 1071 369 stramentum

56 397 98 460 ab
121 393 253 477 stando,
281 395 319 457 ut
341 395 483 475 stamen,
506 392 628 457 dictum
650 397 782 477 putant3
803 393 868 457 alii
892 394 933 457 ab
957 397 1072 478 stratu,

57 481 144 568 quod
171 482 205 547 id
229 481 455 547 substernatur
482 482 600 565 pecori.
648 503 721 546 cum
744 485 794 547 est
818 485 947 546 matura
971 503 1073 567 seges,

56 571 258 636 metendum:
287 571 388 651 [cum]
417 570 453 633 in
480 590 517 635 eo
545 571 581 634 ιιι
607 570 757 655 iugerum
783 570 850 635 fere
881 593 946 635 una
975 593 1074 655 opera
1170 570 1181 591 ’

31 687 44 728 s
56 658 293 746 propemodum
315 659 352 724 in
374 658 465 723 facili
488 679 567 742 agro
592 661 673 723 satis
692 681 763 724 esse
787 658 912 725 dicitur.
949 681 1072 725 massas

57 749 165 834 spicas
189 747 342 813 corbibus
364 748 400 811 in
424 768 531 812 aream
555 748 680 811 deferre
703 749 828 813 debent.

146 837 270 901 Aream
288 858 359 901 esse
373 839 504 920 oportet
521 836 556 899 in
574 857 653 920 agro
674 836 861 902 sublimiore
875 837 957 915 1000,
977 859 1074 921 quam
1082 851 1118 906 LI

56 925 195 1011 perflare
218 926 324 1010 possit
343 929 472 991 ventus:
495 925 579 990 hanc
603 947 673 990 csse
692 927 852 991 modicam
870 947 929 1009 pro
950 926 1073 1010 magni-

56 1015 171 1080 tudine
191 1014 322 1098 segetis,
344 1014 552 1098 potissimum
569 1015 746 1079 rutundam
765 1019 798 1080 et
816 1014 955 1079 mediam
974 1015 1074 1098 paulo

19 1130 45 1169 ιι
58 1102 270 1182 extumidam,
289 1107 335 1186 ut,
359 1103 387 1167 si
405 1103 533 1187 pluerit,
556 1124 622 1168 non
640 1104 803 1169 consistat
820 1126 905 1188 aqua
924 1107 957 1168 et
978 1125 1075 1188 quam

58 1193 251 1279 brevissimo
279 1191 395 1256 itinere
423 1196 477 1256 ext
478 1213 515 1256 ra
538 1213 648 1256 aream
671 1193 810 1257 defluere
832 1193 951 1275 possit·
980 1213 1075 1258 omne

59 1303 158 1366 porro
183 1280 441 1345 brevissimum
431 1302 468 1345 ιιι
489 1280 631 1345 rutundo
651 1281 792 1346 emedio
816 1281 857 1345 ad
881 1285 1075 1348 extremum:

60 1369 168 1437 solida
196 1373 285 1434 terra
301 1369 437 1471 pavita,
464 1369 605 1432 maxime
632 1369 660 1432 si
684 1373 734 1434 est
756 1370 884 1454 argilla,
910 1392 960 1454 ne,
984 1375 1076 1435 aestu

60 1460 252 1543 paeminosa
278 1459 307 1523 si
334 1460 388 1537 su,
417 1459 452 1521 in
478 1458 569 1521 rimis
597 1458 666 1521 eius
697 1479 800 1542 grana
823 1421 1020 1523 oblitescant
1043 1463 1076 1522 et

25 1547 225 1631 urecipiant
252 1568 371 1630 aquam
398 1549 430 1610 et
454 1546 541 1610 ostia
564 1546 712 1630 aperiant
698 1547 881 1610 tmuribus
906 1567 944 1610 aa
966 1546 1077 1611 formi-

61 1637 118 1701 cis.
164 1636 275 1721 itaque
304 1657 436 1700 amurca
462 1635 569 1700 solent
595 1634 802 1719 perfundere.
830 1657 869 1699 ea
896 1635 983 1699 enim
1006 1636 1077 1700 her-

61 1727 195 1798 barum
213 1725 266 1804 [da
294 1726 439 1805 amurca]
470 1727 502 1788 et
533 1724 743 1789 formicarum
768 1728 800 1789 et
832 1724 998 1808 talparum
1025 1747 1077 1790 ve·

62 1835 192 1878 nanum.
212 1812 368 1966 quidam
396 1835 506 1878 arsam
528 1817 566 1877 ut
593 1813 738 1879 habeant
761 1813 900 1897 selden,
927 1807 1108 1878 muniunt2

63 1901 173 1986 lapide
193 1902 368 1966 autetiam
387 1902 510 1992 faciunt
528 1902 759 1985 pavimentum.
795 1924 862 1967 non
881 1902 962 1968 nulli
980 1903 1078 1967 etiam

26 1993 183 2076 utegunt
219 2011 326 2072 areas,
358 1991 435 2054 ut
426 2013 461 2054 ιιι
492 1990 685 2075 Bagiennis,
721 1992 807 2075 quod
839 1991 885 2054 ibi
918 2012 1014 2073 saepe
1045 1991 1078 2055 id

62 2078 221 2164 temporis
245 2079 323 2142 anni
348 2079 495 2144 oriuntur
517 2079 629 2143 nimbi.
666 2079 722 2143 ubi
746 2101 784 2144 ea
806 2082 929 2143 retecta
952 2083 985 2143 et
1006 2080 1079 2144 loca

63 2168 171 2252 calda,
201 2189 303 2251 prope
331 2189 440 2232 aream
467 2167 653 2232 faciundum
680 2168 883 2244 umbracula,
916 2189 979 2250 quo
1008 2190 1078 2234 suc·

63 2257 183 2321 cedant
212 2255 363 2321 homines
394 2257 428 2320 in
461 2259 553 2320 aestu
584 2259 730 2338 tempore
763 2256 950 2321 meridiano.
997 2279 1078 2340 quae
1087 2271 1138 2324 LII

64 2365 160 2429 seges
192 2344 409 2429 grandissima
441 2347 539 2428 atque
571 2344 695 2427 optima
726 2343 838 2428 fuerit,
871 2365 1015 2409 seorsum
1046 2345 1081 2408 in

26 2457 52 2499 as
66 2455 178 2498 aream
194 2434 317 2498 secerni
332 2437 462 2518 oportet
476 2433 593 2517 spicas,
608 2437 644 2497 ut
656 2453 767 2497 semen
777 2433 936 2515 optimum
946 2432 1080 2511 habeat3

65 2544 84 2586 e
107 2522 206 2606 spicis
234 2522 271 2586 in
299 2544 374 2587 area
401 2523 508 2587 excuti
536 2543 648 2606 grana.
698 2520 785 2604 quod
818 2522 860 2584 fit'
884 2520 969 2604 apud
997 2520 1081 2590 alios

65 2610 222 2677 iumentis
244 2611 364 2676 iunctis
388 2633 425 2676 ac
448 2610 579 2675 tribulo.
625 2610 658 2673 id
681 2610 719 2673 fit
742 2631 759 2674 e
781 2610 896 2675 tabula
919 2609 1081 2693 lapidibus

67 2704 125 2765 aut
110 2699 243 2765 tferro
276 2701 442 2784 asperata,
479 2721 562 2782 quae
594 2721 668 2763 cum
699 2699 845 2784 inposito
879 2700 994 2783 auriga
1025 2704 1082 2764 aut

65 2788 211 2874 pondere
229 2789 346 2872 grandi
365 2787 468 2853 trahit
454 2792 507 2852 tur
525 2788 680 2852 iumentis
700 2789 829 2871 iunctis,
848 2789 933 2869 [aut]
949 2788 1083 2853 discutit

27 2899 86 2942 coe
110 2876 201 2960 spica
229 2899 344 2963 grana:
373 2880 431 2941 aut
458 2899 496 2940 ex
520 2877 635 2940 axibus
659 2876 799 2941 dentatis
825 2899 898 2942 cum
922 2876 1084 2961 orbiculis,

22 2965 155 3050 quod
183 2969 302 3030 vocant
329 2965 516 3050 plostellum
545 2966 729 3051 poenicum3
757 2966 792 3030 in
816 2988 854 3030 eo
878 2965 950 3050 quis
974 2966 1084 3030 sedeat

158 3140 228 3193 ιιι
245 3140 369 3194 stramen
477 3145 495 3192 4
513 3155 574 3193 oum
597 3139 628 3192 in
647 3156 681 3193 ea
702 3138 831 3207 iugerum
939 3143 954 3190 5
974 3137 1083 3219 dicatur

70 3218 86 3265 6
106 3210 236 3291 epruibus
257 3210 398 3280 (corbibus
421 3210 460 3280 V)
552 3208 743 3263 'lsublimiori
840 3214 873 3262 14
891 3206 1036 3277 pominosa
1054 3208 1083 3262 in

69 3280 148 3336 rimis
220 3285 255 3335 28
275 3298 348 3350 quae
368 3297 431 3336 cum
449 3280 583 3351 inposito]
603 3296 658 3348 quo
676 3280 808 3350 imposito

160 3446 176 3494 2
196 3442 229 3494 ut
247 3443 357 3496 stamen
375 3457 401 3494 m
420 3445 445 3495 et
469 3441 607 3495 Victorius
673 3445 705 3493 13
725 3440 805 3494 aestu
822 3437 987 3508 paeminosa
1005 3436 1030 3491 si
1048 3437 1086 3493 sit

74 3510 210 3567 Gesonae
314 3519 346 3567 17
367 3511 400 3567 de
420 3528 534 3566 amurca
551 3511 693 3567 deleodam
711 3527 765 3566 esse
783 3510 927 3565 aduolauit
948 3509 1086 3564 Victorius
