2452 3938
142 152 202 217 114
555 145 740 201 versurus

227 294 308 361 llum
332 291 602 378 circumspiceret,
622 291 742 376 nequid
768 293 988 375 praeterisset,
1014 293 1086 359 Hoc
1109 296 1146 361 si·

106 386 282 465 xlerrlium,
301 384 443 467 inquom,
464 388 561 447 vocat
578 381 678 446 alium
697 379 739 444 ad
755 385 877 464 partes
911 381 1048 447 relicum
1065 384 1148 448 enim

139 476 170 543 iu
192 476 252 541 troo
271 478 354 557 ueto,
373 475 453 557 quot
471 475 506 535 et
523 470 609 554 quod
626 490 730 555 genus
747 470 815 534 sint
830 469 975 535 habendi
994 476 1149 554 pastores.

138 562 322 645 (leuinias,
349 560 401 627 Ao
429 560 569 626 maiores
591 558 730 642 pecudes
753 561 862 622 aetate
884 560 1082 644 superiores,
1111 560 1149 626 ad

139 654 280 719 ruinoros
304 650 403 717 otium
425 670 557 735 pueros,
585 649 649 729 [ut]
672 650 827 730 utrosque
847 647 969 712 horum
991 649 1148 714 firmiores
1167 669 1177 713 e
1219 689 1223 727 5

138 746 192 809 rui
219 742 249 807 iu
273 740 412 807 collibus
436 741 617 819 versentur,
640 757 737 820 quam
759 757 815 801 eos
838 736 896 819 qui
916 736 953 800 in
975 736 1078 803 fundo
1100 759 1148 803 eo·

138 830 215 899 lullo
240 830 280 897 ud
304 828 415 895 villum
437 826 570 892 redeant
588 822 713 911 (itaque
735 824 772 888 in
790 824 929 889 saltibus
946 825 1026 890 lieet
1043 827 1148 892 uidere

138 924 347 997 lirruululum,
370 921 403 983 ot
425 937 497 981 eom
519 914 587 978 fere
610 916 781 996 armatam,
802 935 877 978 eum
898 914 934 977 iu
955 913 1069 980 fundis
1086 937 1148 981 non

108 1010 234 1079 detrudo
259 1008 348 1091 puori
373 1004 428 1070 sed
452 1004 551 1067 etiam
573 1002 701 1085 puellae
723 999 891 1087 pascant):
924 1003 981 1086 qui
1003 1008 1148 1087 pascunt,

137 1126 192 1167 ρμη
216 1116 330 1177 irripere
354 1094 483 1176 oportet
504 1090 540 1154 in
561 1090 711 1173 pastione
734 1090 821 1155 diem
842 1093 949 1156 totum
972 1112 1057 1176 esse,
1078 1114 1177 1176 pas-r
1214 1134 1219 1169 ὲ

137 1210 208 1255 eure
232 1182 452 1264 tenerrriuniter,
474 1182 587 1244 eontra
606 1182 798 1263 pernoctare
817 1179 858 1243 ad
876 1201 972 1244 suum
990 1203 1147 1265 quemque

136 1292 281 1361 propero:
314 1288 384 1333 esse
411 1289 524 1333 omnes
548 1268 609 1332 sub
632 1290 696 1334 uuo
720 1267 879 1352 magistro
901 1271 1046 1352 peeoris:
1078 1291 1147 1335 eum

136 1388 205 1427 enno
235 1358 388 1423 maiorem
414 1362 494 1421 natu
520 1358 630 1441 potius
658 1378 756 1441 quam
785 1357 868 1422 alios
898 1360 932 1421 et
960 1358 1146 1441 peritiorem

135 1472 230 1537 orreum
255 1446 406 1530 reliquos,
428 1446 514 1531 quod
537 1445 567 1510 ei
591 1446 646 1530 qui
669 1449 778 1511 aetate
796 1448 829 1509 et
846 1444 985 1510 seientia
1002 1450 1146 1530 praestat

106 1554 123 1607 e
135 1536 243 1607 urriruo
258 1536 406 1619 aequiore
420 1535 536 1618 reliqui
551 1538 675 1618 parent.
706 1535 754 1598 ita
772 1537 884 1599 tamen
897 1539 1030 1618 oportet
1045 1538 1172 1601 aetates
1193 1577 1218 1623 „,

135 1629 314 1713 praestare,
340 1628 378 1687 ut
404 1645 445 1687 ne
472 1627 607 1708 propter
634 1626 834 1688 senectutem
858 1622 966 1687 miuus
989 1625 1144 1690 sustinere
1193 1634 1205 1703 ἲ,

134 1711 1144 1885 lllltlt’ttllllt{fllltisslrt13‘3ltltlttiltt

136 1890 229 1959 l‘eoile
248 1890 363 1967 serunt,
383 1889 469 1974 quod
488 1889 678 1974 potiendum
691 1890 767 1974 illis,
785 1890 840 1972 qui
855 1909 972 1974 greges
988 1895 1143 1973 secuntur,

133 1978 323 2067 praesertim
351 1979 559 2043 armentioios
587 1999 625 2043 ao
653 1978 817 2062 caprinos,
847 1976 965 2062 quibus
989 2001 1090 2063 rupes
1111 1997 1170 2043 uer
1201 1988 1219 2063 l,

132 2070 232 2133 silvae
256 2067 296 2132 ad
319 2067 540 2152 pabulandum
562 2067 660 2132 cordi.
700 2067 824 2131 formae
846 2065 1019 2132 homiuum
1042 2069 1143 2153 legere
1191 2090 1204 2131 ιι

132 2158 190 2223 deo
210 2161 247 2220 ut
266 2156 332 2220 sint
350 2157 464 2221 firmae
483 2178 521 2221 ae
540 2156 676 2238 veloces,
700 2155 847 2240 mobiles,
870 2155 1033 2238 expeditis
1052 2178 1142 2221 mem·
1192 2208 1195 2213 .

134 2246 210 2329 liris,
233 2246 287 2329 qui
310 2267 376 2309 non
399 2246 504 2309 solum
527 2266 626 2329 pecus
650 2245 741 2328 sequi
764 2244 901 2328 possint,
924 2244 982 2308 aed
1005 2245 1143 2312 etiams

134 2334 244 2399 licentiis
274 2354 312 2399 ee
334 2333 550 2418 praedonibus
579 2332 764 2416 defendere,
789 2334 844 2417 qui
868 2354 968 2397 onera
991 2335 1142 2400 extollere
1192 2374 1196 2381 ·

100 2424 163 2489 lin
189 2424 331 2489 iumenta
354 2422 494 2507 possint,
523 2421 578 2507 qui
602 2443 783 2505 excurrere,
814 2421 868 2504 qui
890 2422 1036 2486 iaculari.
1083 2437 1170 2488 noua
1193 2465 1224 2502 ,,.

130 2514 236 2579 ‹ruruis
260 2514 338 2597 opto
360 2512 450 2577 natio
475 2511 516 2576 ad
539 2510 739 2595 pecuariam,
762 2511 847 2595 quod
869 2531 974 2593 neque
993 2510 1143 2577 Bastulus
1196 2503 1199 2552 l

132 2622 233 2685 reliquo
252 2600 414 2666 Turdulus
435 2600 553 2682 idonei,
577 2599 663 2664 Galli
683 2598 925 2682 adpositissimi,
948 2600 1090 2665 maxime
1108 2597 1143 2664 ad

132 2688 284 2755 immuto.
322 2690 356 2753 in
376 2688 593 2775 emptionibus
612 2687 778 2752 domiuum
797 2688 980 2772 legitimum
1000 2710 1060 2753 sex
1081 2689 1142 2754 fere

132 2798 181 2841 rus
199 2778 380 2861 porlioiunt:
402 2777 428 2842 si
443 2778 656 2842 hereditatem
670 2777 789 2841 iustam
805 2776 899 2860 adiit3
922 2776 959 2860 si,
976 2771 1015 2841 ut
1028 2776 1143 2859 debuit,

219 2966 381 3041 'lirrqruuul
405 2968 491 3037 inquo
514 2968 612 3038 (inquo
634 2967 671 3036 V)
744 2969 828 3023 vocat
851 2966 952 3034 alium]
974 2970 1141 3024 uocabulum

129 3046 144 3093 ll
164 3040 245 3111 eplicit!
266 3040 339 3109 qood
391 3039 549 3095 eleusinius
600 3041 754 3107 outroque
800 3043 833 3092 13
853 3038 894 3110 et]
914 3039 964 3093 sed
1011 3045 1046 3094 14
1065 3038 1142 3122 ei]is

133 3116 162 3165 ln
187 3112 277 3181 rulque
297 3114 468 3181 rusperlulom
541 3116 574 3166 26
593 3110 723 3164 basoulus
782 3114 816 3163 27
840 3109 1005 3179 appositiesi
1023 3113 1142 3166 maxrme

128 3186 218 3237 reuoluti
239 3188 303 3237 rudo
322 3184 449 3255 ‹elporilo
516 3188 550 3237 28
570 3181 714 3235 dominum
733 3180 898 3250 (dominium
921 3181 958 3251 V)
1031 3188 1066 3237 29
1085 3181 1142 3237 edit
1195 3206 1198 3211 ·

217 3368 232 3415 ιι
253 3362 365 3431 inquom
386 3360 471 3415 ooeut
488 3358 575 3413 ulium
595 3358 742 3414 Iucundus
796 3364 813 3411 4
832 3356 973 3413 Cossinius
991 3376 1009 3415 o
1064 3363 1098 3413 13
1115 3358 1142 3412 et

128 3436 288 3505 pumturum
308 3448 324 3487 e
399 3438 431 3487 tel
454 3431 637 3501 :reperitoteru
660 3430 717 3485 cod.
742 3429 809 3484 Por.
882 3433 916 3484 27
940 3427 1140 3501 appositissimi

135 3502 270 3561 l‘relorms
343 3510 377 3557 *ld
396 3502 468 3559 rediit
486 3518 533 3557 rue
