<?xml version="1.0" encoding="UTF-8"?>
<!DOCTYPE html PUBLIC "-//W3C//DTD XHTML 1.0 Transitional//EN"
    "http://www.w3.org/TR/xhtml1/DTD/xhtml1-transitional.dtd">
<html xmlns="http://www.w3.org/1999/xhtml" xml:lang="en" lang="en">
 <head>
  <title>
</title>
<meta http-equiv="Content-Type" content="text/html;charset=utf-8" />
  <meta name='ocr-system' content='tesseract 3.04.00' />
  <meta name='ocr-capabilities' content='ocr_page ocr_carea ocr_par ocr_line ocrx_word'/>
</head>
<body>
  <div class='ocr_page' id='page_1' title='image "./mterentivarroni00keilgoog/mterentivarroni00keilgoog_0061.png"; bbox 0 0 2452 3938; ppageno 0'>
   <div class='ocr_carea' id='block_1_1' title="bbox 144 149 891 272">
    <p class='ocr_par' dir='ltr' id='par_1_1' title="bbox 144 149 891 272">
     <span class='ocr_line' id='line_1_1' title="bbox 144 149 891 272; baseline 0.008 -71"><span class='ocrx_word' id='word_1_1' title='bbox 144 152 189 217; x_wconf 73' lang='lat'>46</span> <span class='ocrx_word' id='word_1_2' title='bbox 562 149 747 206; x_wconf 77' lang='lat' dir='ltr'>vraaorus</span> <span class='ocrx_word' id='word_1_3' title='bbox 871 234 891 272; x_wconf 42' lang='lat'><em>⁶</em></span> 
     </span>
    </p>
   </div>
   <div class='ocr_carea' id='block_1_2' title="bbox 75 293 1172 2948">
    <p class='ocr_par' dir='ltr' id='par_1_2' title="bbox 143 293 1158 644">
     <span class='ocr_line' id='line_1_2' title="bbox 143 293 1157 380; baseline -0.004 -18"><span class='ocrx_word' id='word_1_4' title='bbox 143 297 206 362; x_wconf 91' lang='lat' dir='ltr'>hoc</span> <span class='ocrx_word' id='word_1_5' title='bbox 235 294 274 361; x_wconf 92' lang='lat' dir='ltr'>ad</span> <span class='ocrx_word' id='word_1_6' title='bbox 305 296 483 361; x_wconf 76' lang='lat' dir='ltr'><strong>solstitium</strong></span> <span class='ocrx_word' id='word_1_7' title='bbox 511 295 578 361; x_wconf 91' lang='lat' dir='ltr'>dies</span> <span class='ocrx_word' id='word_1_8' title='bbox 602 313 714 377; x_wconf 78' lang='lat' dir='ltr'>xnnx,</span> <span class='ocrx_word' id='word_1_9' title='bbox 742 295 816 359; x_wconf 88' lang='lat' dir='ltr'>inde</span> <span class='ocrx_word' id='word_1_10' title='bbox 841 294 881 358; x_wconf 90' lang='lat' dir='ltr'>ad</span> <span class='ocrx_word' id='word_1_11' title='bbox 903 293 1069 360; x_wconf 75' lang='lat' dir='ltr'>caniculae</span> <span class='ocrx_word' id='word_1_12' title='bbox 1093 295 1157 380; x_wconf 87' lang='lat' dir='ltr'>sig·</span> 
     </span>
     <span class='ocr_line' id='line_1_3' title="bbox 144 383 1158 468; baseline -0.002 -18"><span class='ocrx_word' id='word_1_13' title='bbox 144 408 221 450; x_wconf 90' lang='lat' dir='ltr'>num</span> <span class='ocrx_word' id='word_1_14' title='bbox 245 386 314 450; x_wconf 88' lang='lat' dir='ltr'>dies</span> <span class='ocrx_word' id='word_1_15' title='bbox 337 403 445 468; x_wconf 84' lang='lat' dir='ltr'>xxvn,</span> <span class='ocrx_word' id='word_1_16' title='bbox 468 384 543 448; x_wconf 88' lang='lat' dir='ltr'>dein</span> <span class='ocrx_word' id='word_1_17' title='bbox 562 385 602 448; x_wconf 90' lang='lat' dir='ltr'>ad</span> <span class='ocrx_word' id='word_1_18' title='bbox 622 383 861 468; x_wconf 73' lang='lat' dir='ltr'>aequinoctium</span> <span class='ocrx_word' id='word_1_19' title='bbox 883 383 1069 448; x_wconf 89' lang='lat' dir='ltr'>autumnale</span> <span class='ocrx_word' id='word_1_20' title='bbox 1089 384 1158 448; x_wconf 88' lang='lat' dir='ltr'>dies</span> 
     </span>
     <span class='ocr_line' id='line_1_4' title="bbox 144 468 1157 557; baseline -0.002 -19"><span class='ocrx_word' id='word_1_21' title='bbox 144 492 255 555; x_wconf 81' lang='lat' dir='ltr'>van,</span> <span class='ocrx_word' id='word_1_22' title='bbox 285 475 359 537; x_wconf 89' lang='lat' dir='ltr'>exin</span> <span class='ocrx_word' id='word_1_23' title='bbox 386 472 427 538; x_wconf 88' lang='lat' dir='ltr'>ad</span> <span class='ocrx_word' id='word_1_24' title='bbox 456 473 665 557; x_wconf 81' lang='lat' dir='ltr'>vergiliarum</span> <span class='ocrx_word' id='word_1_25' title='bbox 694 495 843 538; x_wconf 85' lang='lat' dir='ltr'>occasum</span> <span class='ocrx_word' id='word_1_26' title='bbox 871 473 939 536; x_wconf 88' lang='lat' dir='ltr'>dies</span> <span class='ocrx_word' id='word_1_27' title='bbox 968 468 1081 550; x_wconf 73' lang='lat' dir='ltr'>mn,</span> <span class='ocrx_word' id='word_1_28' title='bbox 1116 473 1157 536; x_wconf 90' lang='lat' dir='ltr'>ab</span> 
     </span>
     <span class='ocr_line' id='line_1_5' title="bbox 146 560 1158 644; baseline 0.001 -18"><span class='ocrx_word' id='word_1_29' title='bbox 146 563 207 627; x_wconf 91' lang='lat' dir='ltr'>hoo</span> <span class='ocrx_word' id='word_1_30' title='bbox 231 562 271 626; x_wconf 93' lang='lat' dir='ltr'>ad</span> <span class='ocrx_word' id='word_1_31' title='bbox 291 562 439 626; x_wconf 89' lang='lat' dir='ltr'>brumam</span> <span class='ocrx_word' id='word_1_32' title='bbox 459 562 527 625; x_wconf 89' lang='lat' dir='ltr'>dies</span> <span class='ocrx_word' id='word_1_33' title='bbox 545 579 629 644; x_wconf 81' lang='lat' dir='ltr'>nvn,</span> <span class='ocrx_word' id='word_1_34' title='bbox 652 561 727 624; x_wconf 91' lang='lat' dir='ltr'>inde</span> <span class='ocrx_word' id='word_1_35' title='bbox 747 562 787 624; x_wconf 90' lang='lat' dir='ltr'>ad</span> <span class='ocrx_word' id='word_1_36' title='bbox 805 560 971 625; x_wconf 86' lang='lat' dir='ltr'>favonium</span> <span class='ocrx_word' id='word_1_37' title='bbox 991 560 1059 625; x_wconf 81' lang='lat' dir='ltr'>dies</span> <span class='ocrx_word' id='word_1_38' title='bbox 1077 578 1158 627; x_wconf 82' lang='lat' dir='ltr'>xnv.</span> 
     </span>
    </p>

    <p class='ocr_par' dir='ltr' id='par_1_3' title="bbox 75 649 1172 1264">
     <span class='ocr_line' id='line_1_6' title="bbox 75 649 1157 734; baseline -0.006 -14"><span class='ocrx_word' id='word_1_39' title='bbox 75 665 167 720; x_wconf 86' lang='lat' dir='ltr'>XXIX</span> <span class='ocrx_word' id='word_1_40' title='bbox 237 652 301 731; x_wconf 91' lang='lat' dir='ltr'>[In]</span> <span class='ocrx_word' id='word_1_41' title='bbox 325 651 432 733; x_wconf 93' lang='lat' dir='ltr'>primo</span> <span class='ocrx_word' id='word_1_42' title='bbox 455 650 625 714; x_wconf 89' lang='lat' dir='ltr'>intervallo</span> <span class='ocrx_word' id='word_1_43' title='bbox 648 649 733 713; x_wconf 86' lang='lat' dir='ltr'>inter</span> <span class='ocrx_word' id='word_1_44' title='bbox 752 650 917 714; x_wconf 85' lang='lat' dir='ltr'>favonium</span> <span class='ocrx_word' id='word_1_45' title='bbox 935 653 968 713; x_wconf 92' lang='lat' dir='ltr'>et</span> <span class='ocrx_word' id='word_1_46' title='bbox 987 650 1157 734; x_wconf 87' lang='lat' dir='ltr'>aequinoc-</span> 
     </span>
     <span class='ocr_line' id='line_1_7' title="bbox 144 737 1157 822; baseline -0.001 -19"><span class='ocrx_word' id='word_1_47' title='bbox 144 740 227 803; x_wconf 89' lang='lat' dir='ltr'>tium</span> <span class='ocrx_word' id='word_1_48' title='bbox 241 760 376 802; x_wconf 90' lang='lat' dir='ltr'>vernum</span> <span class='ocrx_word' id='word_1_49' title='bbox 390 738 470 803; x_wconf 88' lang='lat' dir='ltr'>haec</span> <span class='ocrx_word' id='word_1_50' title='bbox 488 739 559 802; x_wconf 90' lang='lat' dir='ltr'>fieri</span> <span class='ocrx_word' id='word_1_51' title='bbox 578 743 716 821; x_wconf 81' lang='lat' dir='ltr'>oportet.</span> <span class='ocrx_word' id='word_1_52' title='bbox 744 737 919 802; x_wconf 86' lang='lat' dir='ltr'>seminaria</span> <span class='ocrx_word' id='word_1_53' title='bbox 938 760 1033 802; x_wconf 90' lang='lat' dir='ltr'>omne</span> <span class='ocrx_word' id='word_1_54' title='bbox 1053 759 1157 822; x_wconf 87' lang='lat' dir='ltr'>genus</span> 
     </span>
     <span class='ocr_line' id='line_1_8' title="bbox 144 827 1159 911; baseline 0 -20"><span class='ocrx_word' id='word_1_55' title='bbox 144 831 181 891; x_wconf 92' lang='lat' dir='ltr'>ut</span> <span class='ocrx_word' id='word_1_56' title='bbox 200 830 363 909; x_wconf 87' lang='lat' dir='ltr'>serantur,</span> <span class='ocrx_word' id='word_1_57' title='bbox 386 827 494 910; x_wconf 91' lang='lat' dir='ltr'>putari</span> <span class='ocrx_word' id='word_1_58' title='bbox 513 828 655 911; x_wconf 84' lang='lat' dir='ltr'>arbusta,</span> <span class='ocrx_word' id='word_1_59' title='bbox 672 828 836 892; x_wconf 77' lang='lat' dir='ltr'>stercorari</span> <span class='ocrx_word' id='word_1_60' title='bbox 853 828 887 889; x_wconf 90' lang='lat' dir='ltr'>in</span> <span class='ocrx_word' id='word_1_61' title='bbox 906 828 1017 910; x_wconf 86' lang='lat' dir='ltr'>pratis,</span> <span class='ocrx_word' id='word_1_62' title='bbox 1037 830 1159 891; x_wconf 88' lang='lat' dir='ltr'>circum</span> 
     </span>
     <span class='ocr_line' id='line_1_9' title="bbox 145 915 1159 999; baseline 0 -20"><span class='ocrx_word' id='word_1_63' title='bbox 145 916 226 980; x_wconf 89' lang='lat' dir='ltr'>vites</span> <span class='ocrx_word' id='word_1_64' title='bbox 259 915 432 998; x_wconf 82' lang='lat' dir='ltr'>ablacuari,</span> <span class='ocrx_word' id='word_1_65' title='bbox 463 915 587 978; x_wconf 86' lang='lat' dir='ltr'>radices</span> <span class='ocrx_word' id='word_1_66' title='bbox 621 938 702 999; x_wconf 88' lang='lat' dir='ltr'>quae</span> <span class='ocrx_word' id='word_1_67' title='bbox 734 915 768 979; x_wconf 92' lang='lat' dir='ltr'>in</span> <span class='ocrx_word' id='word_1_68' title='bbox 801 937 926 978; x_wconf 89' lang='lat' dir='ltr'>summa</span> <span class='ocrx_word' id='word_1_69' title='bbox 958 918 1047 979; x_wconf 90' lang='lat' dir='ltr'>terra</span> <span class='ocrx_word' id='word_1_70' title='bbox 1081 919 1159 980; x_wconf 87' lang='lat' dir='ltr'>sunt</span> 
     </span>
     <span class='ocr_line' id='line_1_10' title="bbox 144 1003 1158 1087; baseline 0.002 -20"><span class='ocrx_word' id='word_1_71' title='bbox 144 1003 295 1087; x_wconf 90' lang='lat' dir='ltr'>praecidi,</span> <span class='ocrx_word' id='word_1_72' title='bbox 327 1007 423 1087; x_wconf 91' lang='lat' dir='ltr'>prata</span> <span class='ocrx_word' id='word_1_73' title='bbox 456 1005 604 1087; x_wconf 85' lang='lat' dir='ltr'>purgari,</span> <span class='ocrx_word' id='word_1_74' title='bbox 637 1004 752 1068; x_wconf 89' lang='lat' dir='ltr'>salicta</span> <span class='ocrx_word' id='word_1_75' title='bbox 785 1005 858 1087; x_wconf 80' lang='lat' dir='ltr'>seri,</span> <span class='ocrx_word' id='word_1_76' title='bbox 891 1010 1018 1087; x_wconf 84' lang='lat' dir='ltr'>segetes</span> <span class='ocrx_word' id='word_1_77' title='bbox 1031 1011 1039 1070; x_wconf 71' lang='lat' dir='ltr'><strong><em>J</em></strong></span> <span class='ocrx_word' id='word_1_78' title='bbox 1053 1004 1158 1070; x_wconf 88' lang='lat' dir='ltr'>sariri.</span> 
     </span>
     <span class='ocr_line' id='line_1_11' title="bbox 144 1091 1172 1179; baseline 0.001 -23"><span class='ocrx_word' id='word_1_79' title='bbox 144 1112 237 1175; x_wconf 87' lang='lat' dir='ltr'>seges</span> <span class='ocrx_word' id='word_1_80' title='bbox 270 1092 387 1156; x_wconf 90' lang='lat' dir='ltr'>dicitur</span> <span class='ocrx_word' id='word_1_81' title='bbox 421 1091 507 1176; x_wconf 91' lang='lat' dir='ltr'>quod</span> <span class='ocrx_word' id='word_1_82' title='bbox 539 1095 667 1156; x_wconf 89' lang='lat' dir='ltr'>aratum</span> <span class='ocrx_word' id='word_1_83' title='bbox 700 1096 807 1156; x_wconf 89' lang='lat' dir='ltr'>satum</span> <span class='ocrx_word' id='word_1_84' title='bbox 835 1096 894 1174; x_wconf 86' lang='lat' dir='ltr'>est,</span> <span class='ocrx_word' id='word_1_85' title='bbox 927 1115 1041 1156; x_wconf 90' lang='lat' dir='ltr'>arvum</span> <span class='ocrx_word' id='word_1_86' title='bbox 1072 1093 1172 1179; x_wconf 83' lang='lat' dir='ltr'>quod:</span> 
     </span>
     <span class='ocr_line' id='line_1_12' title="bbox 145 1179 1158 1264; baseline 0.001 -20"><span class='ocrx_word' id='word_1_87' title='bbox 145 1186 271 1244; x_wconf 91' lang='lat' dir='ltr'>aratum</span> <span class='ocrx_word' id='word_1_88' title='bbox 298 1179 435 1244; x_wconf 89' lang='lat' dir='ltr'>necdum</span> <span class='ocrx_word' id='word_1_89' title='bbox 463 1184 571 1244; x_wconf 89' lang='lat' dir='ltr'>satum</span> <span class='ocrx_word' id='word_1_90' title='bbox 599 1183 665 1263; x_wconf 85' lang='lat' dir='ltr'>eet,</span> <span class='ocrx_word' id='word_1_91' title='bbox 692 1181 835 1263; x_wconf 78' lang='lat' dir='ltr'>novalia,</span> <span class='ocrx_word' id='word_1_92' title='bbox 862 1181 919 1244; x_wconf 91' lang='lat' dir='ltr'>ubi</span> <span class='ocrx_word' id='word_1_93' title='bbox 949 1186 1057 1257; x_wconf 77' lang='lat' dir='ltr'>saturn</span> <span class='ocrx_word' id='word_1_94' title='bbox 1086 1181 1158 1264; x_wconf 81' lang='lat' dir='ltr'>fuit,</span> 
     </span>
    </p>

    <p class='ocr_par' dir='ltr' id='par_1_4' title="bbox 115 1268 1172 2148">
     <span class='ocr_line' id='line_1_13' title="bbox 115 1268 1158 1352; baseline 0.003 -21"><span class='ocrx_word' id='word_1_95' title='bbox 115 1273 319 1352; x_wconf 81' lang='lat' dir='ltr'>2antequam</span> <span class='ocrx_word' id='word_1_96' title='bbox 353 1268 491 1332; x_wconf 87' lang='lat' dir='ltr'>secunda</span> <span class='ocrx_word' id='word_1_97' title='bbox 524 1269 668 1333; x_wconf 89' lang='lat' dir='ltr'>aratione</span> <span class='ocrx_word' id='word_1_98' title='bbox 699 1274 840 1334; x_wconf 91' lang='lat' dir='ltr'>novatur</span> <span class='ocrx_word' id='word_1_99' title='bbox 868 1291 988 1335; x_wconf 86' lang='lat' dir='ltr'>rursus.</span> <span class='ocrx_word' id='word_1_100' title='bbox 1035 1276 1158 1334; x_wconf 90' lang='lat' dir='ltr'>terram</span> 
     </span>
     <span class='ocr_line' id='line_1_14' title="bbox 145 1357 1159 1441; baseline 0.001 -19"><span class='ocrx_word' id='word_1_101' title='bbox 145 1378 217 1423; x_wconf 87' lang='lat' dir='ltr'>oum</span> <span class='ocrx_word' id='word_1_102' title='bbox 236 1357 378 1440; x_wconf 91' lang='lat' dir='ltr'>primum</span> <span class='ocrx_word' id='word_1_103' title='bbox 398 1361 500 1440; x_wconf 85' lang='lat' dir='ltr'>arant,</span> <span class='ocrx_word' id='word_1_104' title='bbox 518 1357 724 1441; x_wconf 86' lang='lat' dir='ltr'>proscindere</span> <span class='ocrx_word' id='word_1_105' title='bbox 742 1358 918 1441; x_wconf 89' lang='lat' dir='ltr'>appellant,</span> <span class='ocrx_word' id='word_1_106' title='bbox 937 1380 1009 1422; x_wconf 90' lang='lat' dir='ltr'>eum</span> <span class='ocrx_word' id='word_1_107' title='bbox 1029 1359 1159 1441; x_wconf 87' lang='lat' dir='ltr'>iterum,</span> 
     </span>
     <span class='ocr_line' id='line_1_15' title="bbox 145 1445 1157 1531; baseline 0 -21"><span class='ocrx_word' id='word_1_108' title='bbox 145 1445 319 1531; x_wconf 88' lang='lat' dir='ltr'>offringere</span> <span class='ocrx_word' id='word_1_109' title='bbox 335 1446 454 1526; x_wconf 89' lang='lat' dir='ltr'>dieunt,</span> <span class='ocrx_word' id='word_1_110' title='bbox 474 1446 560 1530; x_wconf 91' lang='lat' dir='ltr'>quod</span> <span class='ocrx_word' id='word_1_111' title='bbox 578 1447 683 1530; x_wconf 86' lang='lat' dir='ltr'>prime</span> <span class='ocrx_word' id='word_1_112' title='bbox 702 1447 847 1510; x_wconf 85' lang='lat' dir='ltr'>aratione</span> <span class='ocrx_word' id='word_1_113' title='bbox 862 1445 997 1530; x_wconf 83' lang='lat' dir='ltr'>glaebae</span> <span class='ocrx_word' id='word_1_114' title='bbox 1016 1447 1157 1531; x_wconf 81' lang='lat' dir='ltr'>grandes</span> 
     </span>
     <span class='ocr_line' id='line_1_16' title="bbox 145 1535 1172 1619; baseline 0.002 -21"><span class='ocrx_word' id='word_1_115' title='bbox 145 1535 252 1598; x_wconf 89' lang='lat' dir='ltr'>solent</span> <span class='ocrx_word' id='word_1_116' title='bbox 269 1535 415 1618; x_wconf 82' lang='lat' dir='ltr'>excitari3</span> <span class='ocrx_word' id='word_1_117' title='bbox 439 1557 511 1599; x_wconf 90' lang='lat' dir='ltr'>cum</span> <span class='ocrx_word' id='word_1_118' title='bbox 530 1535 677 1619; x_wconf 73' lang='lat' dir='ltr'>iteratur,</span> <span class='ocrx_word' id='word_1_119' title='bbox 700 1535 873 1617; x_wconf 84' lang='lat' dir='ltr'>effringere</span> <span class='ocrx_word' id='word_1_120' title='bbox 892 1538 1019 1600; x_wconf 86' lang='lat' dir='ltr'>vocant.</span> <span class='ocrx_word' id='word_1_121' title='bbox 1057 1535 1172 1601; x_wconf 87' lang='lat' dir='ltr'>tortio</span> 
     </span>
     <span class='ocr_line' id='line_1_17' title="bbox 146 1623 1158 1706; baseline 0.001 -19"><span class='ocrx_word' id='word_1_122' title='bbox 146 1645 217 1687; x_wconf 90' lang='lat' dir='ltr'>oum</span> <span class='ocrx_word' id='word_1_123' title='bbox 242 1629 336 1686; x_wconf 88' lang='lat' dir='ltr'>arant</span> <span class='ocrx_word' id='word_1_124' title='bbox 359 1623 444 1687; x_wconf 91' lang='lat' dir='ltr'>iacto</span> <span class='ocrx_word' id='word_1_125' title='bbox 469 1625 598 1706; x_wconf 85' lang='lat' dir='ltr'>semine,</span> <span class='ocrx_word' id='word_1_126' title='bbox 623 1624 722 1689; x_wconf 89' lang='lat' dir='ltr'>boves</span> <span class='ocrx_word' id='word_1_127' title='bbox 745 1624 841 1686; x_wconf 87' lang='lat' dir='ltr'>lirare</span> <span class='ocrx_word' id='word_1_128' title='bbox 866 1623 1027 1706; x_wconf 80' lang='lat' dir='ltr'>dicuntur,</span> <span class='ocrx_word' id='word_1_129' title='bbox 1051 1625 1084 1688; x_wconf 94' lang='lat' dir='ltr'>id</span> <span class='ocrx_word' id='word_1_130' title='bbox 1108 1628 1158 1688; x_wconf 89' lang='lat' dir='ltr'>est</span> 
     </span>
     <span class='ocr_line' id='line_1_18' title="bbox 145 1710 1158 1777; baseline 0.002 -3"><span class='ocrx_word' id='word_1_131' title='bbox 145 1732 218 1775; x_wconf 91' lang='lat' dir='ltr'>oum</span> <span class='ocrx_word' id='word_1_132' title='bbox 242 1711 372 1774; x_wconf 86' lang='lat' dir='ltr'>tabellis</span> <span class='ocrx_word' id='word_1_133' title='bbox 397 1710 513 1774; x_wconf 84' lang='lat' dir='ltr'>additis</span> <span class='ocrx_word' id='word_1_134' title='bbox 538 1712 578 1774; x_wconf 91' lang='lat' dir='ltr'>ad</span> <span class='ocrx_word' id='word_1_135' title='bbox 601 1733 763 1776; x_wconf 88' lang='lat' dir='ltr'>vomerem</span> <span class='ocrx_word' id='word_1_136' title='bbox 787 1712 883 1775; x_wconf 91' lang='lat' dir='ltr'>simul</span> <span class='ocrx_word' id='word_1_137' title='bbox 907 1715 940 1774; x_wconf 89' lang='lat' dir='ltr'>et</span> <span class='ocrx_word' id='word_1_138' title='bbox 963 1717 1072 1777; x_wconf 89' lang='lat' dir='ltr'>satum</span> <span class='ocrx_word' id='word_1_139' title='bbox 1089 1713 1158 1776; x_wconf 86' lang='lat' dir='ltr'>fru-</span> 
     </span>
     <span class='ocr_line' id='line_1_19' title="bbox 145 1798 1158 1885; baseline 0.003 -23"><span class='ocrx_word' id='word_1_140' title='bbox 145 1805 290 1862; x_wconf 85' lang='lat' dir='ltr'>mentum</span> <span class='ocrx_word' id='word_1_141' title='bbox 310 1798 460 1880; x_wconf 90' lang='lat' dir='ltr'>operiunt</span> <span class='ocrx_word' id='word_1_142' title='bbox 473 1800 505 1863; x_wconf 93' lang='lat' dir='ltr'>in</span> <span class='ocrx_word' id='word_1_143' title='bbox 521 1801 627 1881; x_wconf 85' lang='lat' dir='ltr'>porcis</span> <span class='ocrx_word' id='word_1_144' title='bbox 643 1805 675 1863; x_wconf 90' lang='lat' dir='ltr'>et</span> <span class='ocrx_word' id='word_1_145' title='bbox 690 1801 817 1864; x_wconf 88' lang='lat' dir='ltr'>sulcant</span> <span class='ocrx_word' id='word_1_146' title='bbox 830 1800 946 1881; x_wconf 85' lang='lat' dir='ltr'>fossas,</span> <span class='ocrx_word' id='word_1_147' title='bbox 968 1822 1031 1884; x_wconf 90' lang='lat' dir='ltr'>quo</span> <span class='ocrx_word' id='word_1_148' title='bbox 1046 1802 1158 1885; x_wconf 91' lang='lat' dir='ltr'>pluvia</span> 
     </span>
     <span class='ocr_line' id='line_1_20' title="bbox 146 1886 1158 1973; baseline 0.005 -23"><span class='ocrx_word' id='word_1_149' title='bbox 146 1909 232 1970; x_wconf 89' lang='lat' dir='ltr'>aqua</span> <span class='ocrx_word' id='word_1_150' title='bbox 258 1886 435 1951; x_wconf 87' lang='lat' dir='ltr'>delabatur.</span> <span class='ocrx_word' id='word_1_151' title='bbox 485 1908 551 1951; x_wconf 90' lang='lat' dir='ltr'>non</span> <span class='ocrx_word' id='word_1_152' title='bbox 578 1889 661 1952; x_wconf 92' lang='lat' dir='ltr'>nulli</span> <span class='ocrx_word' id='word_1_153' title='bbox 688 1894 816 1972; x_wconf 86' lang='lat' dir='ltr'>postea,</span> <span class='ocrx_word' id='word_1_154' title='bbox 848 1889 905 1972; x_wconf 88' lang='lat' dir='ltr'>qui</span> <span class='ocrx_word' id='word_1_155' title='bbox 933 1895 1060 1973; x_wconf 84' lang='lat' dir='ltr'>segetes</span> <span class='ocrx_word' id='word_1_156' title='bbox 1091 1912 1158 1955; x_wconf 92' lang='lat' dir='ltr'>non</span> 
     </span>
     <span class='ocr_line' id='line_1_21' title="bbox 145 1975 1172 2062; baseline 0.005 -24"><span class='ocrx_word' id='word_1_157' title='bbox 145 1978 213 2038; x_wconf 91' lang='lat' dir='ltr'>tam</span> <span class='ocrx_word' id='word_1_158' title='bbox 236 1976 321 2039; x_wconf 90' lang='lat' dir='ltr'>latas</span> <span class='ocrx_word' id='word_1_159' title='bbox 345 1975 475 2059; x_wconf 85' lang='lat' dir='ltr'>habent,</span> <span class='ocrx_word' id='word_1_160' title='bbox 505 1979 542 2039; x_wconf 94' lang='lat' dir='ltr'>ut</span> <span class='ocrx_word' id='word_1_161' title='bbox 565 1975 600 2039; x_wconf 92' lang='lat' dir='ltr'>in</span> <span class='ocrx_word' id='word_1_162' title='bbox 624 1978 745 2061; x_wconf 83' lang='lat' dir='ltr'>Apulia</span> <span class='ocrx_word' id='word_1_163' title='bbox 769 1979 801 2040; x_wconf 90' lang='lat' dir='ltr'>et</span> <span class='ocrx_word' id='word_1_164' title='bbox 823 1977 857 2040; x_wconf 91' lang='lat' dir='ltr'>id</span> <span class='ocrx_word' id='word_1_165' title='bbox 880 1997 983 2062; x_wconf 86' lang='lat' dir='ltr'>genus</span> <span class='ocrx_word' id='word_1_166' title='bbox 1006 1979 1172 2060; x_wconf 72' lang='lat' dir='ltr'>praediis:</span> 
     </span>
     <span class='ocr_line' id='line_1_22' title="bbox 145 2065 1157 2148; baseline 0.005 -21"><span class='ocrx_word' id='word_1_167' title='bbox 145 2085 203 2145; x_wconf 91' lang='lat' dir='ltr'>per</span> <span class='ocrx_word' id='word_1_168' title='bbox 231 2067 372 2127; x_wconf 89' lang='lat' dir='ltr'>sartores</span> <span class='ocrx_word' id='word_1_169' title='bbox 400 2085 512 2128; x_wconf 85' lang='lat' dir='ltr'>occare</span> <span class='ocrx_word' id='word_1_170' title='bbox 540 2065 660 2148; x_wconf 86' lang='lat' dir='ltr'>solent,</span> <span class='ocrx_word' id='word_1_171' title='bbox 688 2065 799 2147; x_wconf 86' lang='lat' dir='ltr'>siquae</span> <span class='ocrx_word' id='word_1_172' title='bbox 827 2066 860 2129; x_wconf 90' lang='lat' dir='ltr'>in</span> <span class='ocrx_word' id='word_1_173' title='bbox 889 2066 995 2148; x_wconf 87' lang='lat' dir='ltr'>porois</span> <span class='ocrx_word' id='word_1_174' title='bbox 1025 2068 1157 2132; x_wconf 85' lang='lat' dir='ltr'>relictae</span> 
     </span>
    </p>

    <p class='ocr_par' dir='ltr' id='par_1_5' title="bbox 116 2150 1172 2589">
     <span class='ocr_line' id='line_1_23' title="bbox 116 2150 1158 2238; baseline 0.004 -21"><span class='ocrx_word' id='word_1_175' title='bbox 116 2150 335 2236; x_wconf 87' lang='lat' dir='ltr'>3grandiores</span> <span class='ocrx_word' id='word_1_176' title='bbox 364 2157 439 2216; x_wconf 88' lang='lat' dir='ltr'>sunt</span> <span class='ocrx_word' id='word_1_177' title='bbox 469 2153 614 2235; x_wconf 88' lang='lat' dir='ltr'>glaebae.</span> <span class='ocrx_word' id='word_1_178' title='bbox 660 2176 724 2238; x_wconf 91' lang='lat' dir='ltr'>qua</span> <span class='ocrx_word' id='word_1_179' title='bbox 748 2157 893 2218; x_wconf 89' lang='lat' dir='ltr'>aratrum</span> <span class='ocrx_word' id='word_1_180' title='bbox 916 2176 1046 2219; x_wconf 88' lang='lat' dir='ltr'>vomere</span> <span class='ocrx_word' id='word_1_181' title='bbox 1070 2156 1158 2220; x_wconf 86' lang='lat' dir='ltr'>lacu-</span> 
     </span>
     <span class='ocr_line' id='line_1_24' title="bbox 145 2240 1157 2325; baseline 0.006 -22"><span class='ocrx_word' id='word_1_182' title='bbox 145 2261 221 2303; x_wconf 90' lang='lat' dir='ltr'>nam</span> <span class='ocrx_word' id='word_1_183' title='bbox 241 2241 354 2304; x_wconf 86' lang='lat' dir='ltr'>striam</span> <span class='ocrx_word' id='word_1_184' title='bbox 373 2240 459 2323; x_wconf 74' lang='lat' dir='ltr'>fecit,</span> <span class='ocrx_word' id='word_1_185' title='bbox 482 2243 590 2305; x_wconf 85' lang='lat' dir='ltr'>sulcus</span> <span class='ocrx_word' id='word_1_186' title='bbox 609 2245 752 2306; x_wconf 89' lang='lat' dir='ltr'>vocatur.</span> <span class='ocrx_word' id='word_1_187' title='bbox 781 2243 867 2325; x_wconf 91' lang='lat' dir='ltr'>quod</span> <span class='ocrx_word' id='word_1_188' title='bbox 891 2245 942 2306; x_wconf 86' lang='lat' dir='ltr'>eet</span> <span class='ocrx_word' id='word_1_189' title='bbox 964 2244 1050 2308; x_wconf 89' lang='lat' dir='ltr'>inter</span> <span class='ocrx_word' id='word_1_190' title='bbox 1077 2245 1157 2309; x_wconf 83' lang='lat' dir='ltr'>duos</span> 
     </span>
     <span class='ocr_line' id='line_1_25' title="bbox 146 2328 1157 2416; baseline 0.004 -24"><span class='ocrx_word' id='word_1_191' title='bbox 146 2328 253 2392; x_wconf 87' lang='lat' dir='ltr'>sulcos</span> <span class='ocrx_word' id='word_1_192' title='bbox 281 2330 366 2393; x_wconf 89' lang='lat' dir='ltr'>elata</span> <span class='ocrx_word' id='word_1_193' title='bbox 394 2333 483 2394; x_wconf 90' lang='lat' dir='ltr'>terra</span> <span class='ocrx_word' id='word_1_194' title='bbox 512 2330 627 2395; x_wconf 89' lang='lat' dir='ltr'>dicitur</span> <span class='ocrx_word' id='word_1_195' title='bbox 653 2353 764 2413; x_wconf 87' lang='lat' dir='ltr'>porca,</span> <span class='ocrx_word' id='word_1_196' title='bbox 792 2330 878 2415; x_wconf 92' lang='lat' dir='ltr'>quod</span> <span class='ocrx_word' id='word_1_197' title='bbox 906 2352 944 2395; x_wconf 90' lang='lat' dir='ltr'>ea</span> <span class='ocrx_word' id='word_1_198' title='bbox 972 2353 1066 2416; x_wconf 86' lang='lat' dir='ltr'>seges</span> <span class='ocrx_word' id='word_1_199' title='bbox 1090 2333 1157 2396; x_wconf 85' lang='lat' dir='ltr'>fru-</span> 
     </span>
     <span class='ocr_line' id='line_1_26' title="bbox 146 2419 1172 2505; baseline 0.005 -24"><span class='ocrx_word' id='word_1_200' title='bbox 146 2421 289 2482; x_wconf 89' lang='lat' dir='ltr'>mentum</span> <span class='ocrx_word' id='word_1_201' title='bbox 317 2419 459 2501; x_wconf 91' lang='lat' dir='ltr'>porrioit.</span> <span class='ocrx_word' id='word_1_202' title='bbox 506 2420 552 2483; x_wconf 87' lang='lat' dir='ltr'>sic</span> <span class='ocrx_word' id='word_1_203' title='bbox 580 2440 706 2503; x_wconf 89' lang='lat' dir='ltr'>quoque</span> <span class='ocrx_word' id='word_1_204' title='bbox 734 2424 809 2482; x_wconf 85' lang='lat' dir='ltr'>exta</span> <span class='ocrx_word' id='word_1_205' title='bbox 836 2419 904 2483; x_wconf 87' lang='lat' dir='ltr'>deis</span> <span class='ocrx_word' id='word_1_206' title='bbox 928 2441 1001 2484; x_wconf 91' lang='lat' dir='ltr'>oum</span> <span class='ocrx_word' id='word_1_207' title='bbox 1024 2421 1172 2505; x_wconf 68' lang='lat' dir='ltr'>dabant:</span> 
     </span>
     <span class='ocr_line' id='line_1_27' title="bbox 146 2506 488 2589; baseline -0.003 -18"><span class='ocrx_word' id='word_1_208' title='bbox 146 2506 305 2589; x_wconf 87' lang='lat' dir='ltr'>porricere</span> <span class='ocrx_word' id='word_1_209' title='bbox 329 2506 488 2570; x_wconf 87' lang='lat' dir='ltr'>dicebant.</span> 
     </span>
    </p>

    <p class='ocr_par' dir='ltr' id='par_1_6' title="bbox 91 2593 1172 2948">
     <span class='ocr_line' id='line_1_28' title="bbox 91 2593 1158 2680; baseline 0 -19"><span class='ocrx_word' id='word_1_210' title='bbox 91 2608 167 2663; x_wconf 84' lang='lat' dir='ltr'>XXX</span> <span class='ocrx_word' id='word_1_211' title='bbox 236 2593 381 2658; x_wconf 83' lang='lat' dir='ltr'>Secundo</span> <span class='ocrx_word' id='word_1_212' title='bbox 405 2595 575 2658; x_wconf 90' lang='lat' dir='ltr'>intervallo</span> <span class='ocrx_word' id='word_1_213' title='bbox 598 2595 685 2659; x_wconf 89' lang='lat' dir='ltr'>inter</span> <span class='ocrx_word' id='word_1_214' title='bbox 707 2618 841 2660; x_wconf 88' lang='lat' dir='ltr'>vernum</span> <span class='ocrx_word' id='word_1_215' title='bbox 861 2596 1098 2680; x_wconf 86' lang='lat' dir='ltr'>aequinoctium</span> <span class='ocrx_word' id='word_1_216' title='bbox 1125 2600 1158 2661; x_wconf 85' lang='lat' dir='ltr'>et</span> 
     </span>
     <span class='ocr_line' id='line_1_29' title="bbox 145 2681 1158 2769; baseline 0.005 -24"><span class='ocrx_word' id='word_1_217' title='bbox 145 2681 355 2764; x_wconf 85' lang='lat' dir='ltr'>vergiliarum</span> <span class='ocrx_word' id='word_1_218' title='bbox 375 2687 521 2746; x_wconf 86' lang='lat' dir='ltr'>exortum</span> <span class='ocrx_word' id='word_1_219' title='bbox 539 2681 620 2747; x_wconf 89' lang='lat' dir='ltr'>haec</span> <span class='ocrx_word' id='word_1_220' title='bbox 639 2684 717 2748; x_wconf 87' lang='lat' dir='ltr'>fieri.</span> <span class='ocrx_word' id='word_1_221' title='bbox 755 2691 881 2767; x_wconf 88' lang='lat' dir='ltr'>segetes</span> <span class='ocrx_word' id='word_1_222' title='bbox 901 2686 1037 2769; x_wconf 86' lang='lat' dir='ltr'>runcari,</span> <span class='ocrx_word' id='word_1_223' title='bbox 1063 2687 1158 2751; x_wconf 83' lang='lat' dir='ltr'>idest</span> 
     </span>
     <span class='ocr_line' id='line_1_30' title="bbox 144 2769 1155 2856; baseline 0.006 -23"><span class='ocrx_word' id='word_1_224' title='bbox 144 2769 279 2833; x_wconf 90' lang='lat' dir='ltr'>herbam</span> <span class='ocrx_word' id='word_1_225' title='bbox 303 2791 320 2831; x_wconf 88' lang='lat' dir='ltr'>e</span> <span class='ocrx_word' id='word_1_226' title='bbox 344 2771 507 2852; x_wconf 87' lang='lat' dir='ltr'>segetibus</span> <span class='ocrx_word' id='word_1_227' title='bbox 532 2773 712 2856; x_wconf 87' lang='lat' dir='ltr'>expurgari,</span> <span class='ocrx_word' id='word_1_228' title='bbox 743 2773 843 2837; x_wconf 85' lang='lat' dir='ltr'>boves</span> <span class='ocrx_word' id='word_1_229' title='bbox 867 2778 988 2838; x_wconf 86' lang='lat' dir='ltr'>terram</span> <span class='ocrx_word' id='word_1_230' title='bbox 1012 2775 1155 2856; x_wconf 88' lang='lat' dir='ltr'>proscin-</span> 
     </span>
     <span class='ocr_line' id='line_1_31' title="bbox 146 2857 1172 2948; baseline 0.008 -29"><span class='ocrx_word' id='word_1_231' title='bbox 146 2857 229 2934; x_wconf 87' lang='lat' dir='ltr'>dere,</span> <span class='ocrx_word' id='word_1_232' title='bbox 265 2857 395 2921; x_wconf 88' lang='lat' dir='ltr'>salicem</span> <span class='ocrx_word' id='word_1_233' title='bbox 428 2859 526 2941; x_wconf 85' lang='lat' dir='ltr'>caedi,</span> <span class='ocrx_word' id='word_1_234' title='bbox 558 2864 653 2942; x_wconf 89' lang='lat' dir='ltr'>prata</span> <span class='ocrx_word' id='word_1_235' title='bbox 686 2861 822 2926; x_wconf 77' lang='lat' dir='ltr'>defendi.</span> <span class='ocrx_word' id='word_1_236' title='bbox 877 2884 958 2948; x_wconf 89' lang='lat' dir='ltr'>quae</span> <span class='ocrx_word' id='word_1_237' title='bbox 991 2863 1172 2946; x_wconf 79' lang='lat' dir='ltr'>superiore:</span> 
     </span>
    </p>
   </div>
   <div class='ocr_carea' id='block_1_3' title="bbox 145 3048 1158 3333">
    <p class='ocr_par' dir='ltr' id='par_1_7' title="bbox 145 3048 1158 3333">
     <span class='ocr_line' id='line_1_32' title="bbox 235 3048 1157 3109; baseline 0.007 -7"><span class='ocrx_word' id='word_1_238' title='bbox 235 3054 250 3102; x_wconf 79' lang='grc'><strong>7</strong></span> <span class='ocrx_word' id='word_1_239' title='bbox 269 3048 385 3103; x_wconf 88' lang='lat' dir='ltr'>arbusta</span> <span class='ocrx_word' id='word_1_240' title='bbox 403 3049 553 3104; x_wconf 86' lang='lat' dir='ltr'>stercorari</span> <span class='ocrx_word' id='word_1_241' title='bbox 571 3067 620 3106; x_wconf 85' lang='lat' dir='ltr'>om.</span> <span class='ocrx_word' id='word_1_242' title='bbox 704 3057 719 3105; x_wconf 84' lang='grc'>9</span> <span class='ocrx_word' id='word_1_243' title='bbox 739 3051 826 3107; x_wconf 88' lang='lat' dir='ltr'>sarire</span> <span class='ocrx_word' id='word_1_244' title='bbox 915 3060 946 3106; x_wconf 81' lang='lat'>12</span> <span class='ocrx_word' id='word_1_245' title='bbox 966 3055 1058 3107; x_wconf 88' lang='lat' dir='ltr'>aratio</span> <span class='ocrx_word' id='word_1_246' title='bbox 1077 3071 1157 3109; x_wconf 90' lang='lat' dir='ltr'>reno-</span> 
     </span>
     <span class='ocr_line' id='line_1_33' title="bbox 145 3119 1157 3192; baseline 0.007 -20"><span class='ocrx_word' id='word_1_247' title='bbox 145 3119 229 3173; x_wconf 89' lang='lat' dir='ltr'>uatur</span> <span class='ocrx_word' id='word_1_248' title='bbox 310 3125 343 3173; x_wconf 79' lang='lat'>20</span> <span class='ocrx_word' id='word_1_249' title='bbox 363 3121 484 3189; x_wconf 87' lang='lat' dir='ltr'>praediis</span> <span class='ocrx_word' id='word_1_250' title='bbox 502 3120 621 3191; x_wconf 88' lang='lat' dir='ltr'>(praedii</span> <span class='ocrx_word' id='word_1_251' title='bbox 645 3121 686 3192; x_wconf 89' lang='lat' dir='ltr'>V)</span> <span class='ocrx_word' id='word_1_252' title='bbox 768 3128 802 3176; x_wconf 80' lang='lat'>25</span> <span class='ocrx_word' id='word_1_253' title='bbox 821 3124 940 3192; x_wconf 86' lang='lat' dir='ltr'>porrigit</span> <span class='ocrx_word' id='word_1_254' title='bbox 1013 3131 1047 3179; x_wconf 79' lang='lat'>26</span> <span class='ocrx_word' id='word_1_255' title='bbox 1069 3126 1157 3192; x_wconf 91' lang='lat' dir='ltr'>porri-</span> 
     </span>
     <span class='ocr_line' id='line_1_34' title="bbox 145 3191 1158 3262; baseline 0.007 -19"><span class='ocrx_word' id='word_1_256' title='bbox 145 3207 211 3258; x_wconf 85' lang='lat' dir='ltr'>gere</span> <span class='ocrx_word' id='word_1_257' title='bbox 282 3196 317 3245; x_wconf 77' lang='lat'>28</span> <span class='ocrx_word' id='word_1_258' title='bbox 337 3191 406 3244; x_wconf 83' lang='lat' dir='ltr'>haec</span> <span class='ocrx_word' id='word_1_259' title='bbox 424 3192 485 3246; x_wconf 90' lang='lat' dir='ltr'>fieri</span> <span class='ocrx_word' id='word_1_260' title='bbox 503 3195 585 3262; x_wconf 86' lang='lat' dir='ltr'>(haec</span> <span class='ocrx_word' id='word_1_261' title='bbox 603 3192 664 3246; x_wconf 83' lang='lat' dir='ltr'>fieri</span> <span class='ocrx_word' id='word_1_262' title='bbox 683 3192 787 3247; x_wconf 87' lang='lat' dir='ltr'>debent</span> <span class='ocrx_word' id='word_1_263' title='bbox 809 3194 846 3261; x_wconf 90' lang='lat' dir='ltr'>V,</span> <span class='ocrx_word' id='word_1_264' title='bbox 872 3194 939 3249; x_wconf 89' lang='lat' dir='ltr'>haec</span> <span class='ocrx_word' id='word_1_265' title='bbox 958 3195 1019 3249; x_wconf 91' lang='lat' dir='ltr'>fieri</span> <span class='ocrx_word' id='word_1_266' title='bbox 1041 3196 1112 3251; x_wconf 81' lang='lat' dir='ltr'>Vr&#39;ot.</span> <span class='ocrx_word' id='word_1_267' title='bbox 1132 3202 1158 3250; x_wconf 90' lang='lat' dir='ltr'>et</span> 
     </span>
     <span class='ocr_line' id='line_1_35' title="bbox 146 3262 781 3333; baseline 0.006 -19"><span class='ocrx_word' id='word_1_268' title='bbox 146 3262 212 3314; x_wconf 79' lang='lat' dir='ltr'>libri</span> <span class='ocrx_word' id='word_1_269' title='bbox 229 3278 315 3315; x_wconf 79' lang='lat' dir='ltr'>mauu</span> <span class='ocrx_word' id='word_1_270' title='bbox 332 3264 430 3332; x_wconf 82' lang='lat' dir='ltr'>scripti</span> <span class='ocrx_word' id='word_1_271' title='bbox 448 3266 551 3333; x_wconf 77' lang='lat' dir='ltr'>omnes)</span> <span class='ocrx_word' id='word_1_272' title='bbox 623 3263 653 3323; x_wconf 88' lang='lat' dir='ltr'>id</span> <span class='ocrx_word' id='word_1_273' title='bbox 672 3268 714 3318; x_wconf 85' lang='lat' dir='ltr'>eet</span> <span class='ocrx_word' id='word_1_274' title='bbox 731 3281 781 3319; x_wconf 73' lang='lat' dir='ltr'>ona.</span> 
     </span>
    </p>
   </div>
   <div class='ocr_carea' id='block_1_4' title="bbox 147 3420 1157 3545">
    <p class='ocr_par' dir='ltr' id='par_1_8' title="bbox 147 3420 1157 3545">
     <span class='ocr_line' id='line_1_36' title="bbox 147 3420 1157 3544; baseline 0.006 -71"><span class='ocrx_word' id='word_1_275' title='bbox 147 3489 175 3544; x_wconf 76' lang='lat' dir='ltr'><em>P</em></span> <span class='ocrx_word' id='word_1_276' title='bbox 188 3426 251 3544; x_wconf 59' lang='lat' dir='ltr'>Ut</span> <span class='ocrx_word' id='word_1_277' title='bbox 270 3420 350 3475; x_wconf 83' lang='lat' dir='ltr'>sariri</span> <span class='ocrx_word' id='word_1_278' title='bbox 369 3423 452 3476; x_wconf 76' lang='lat' dir='ltr'>editio</span> <span class='ocrx_word' id='word_1_279' title='bbox 473 3422 688 3477; x_wconf 68' lang='lat' dir='ltr'>commeliniuaa</span> <span class='ocrx_word' id='word_1_280' title='bbox 733 3428 768 3477; x_wconf 79' lang='lat'>25</span> <span class='ocrx_word' id='word_1_281' title='bbox 786 3423 904 3490; x_wconf 87' lang='lat' dir='ltr'>porrieit</span> <span class='ocrx_word' id='word_1_282' title='bbox 922 3429 946 3480; x_wconf 85' lang='lat' dir='ltr'>et</span> <span class='ocrx_word' id='word_1_283' title='bbox 964 3431 998 3480; x_wconf 78' lang='lat' dir='ltr'>2ss</span> <span class='ocrx_word' id='word_1_284' title='bbox 1014 3425 1157 3494; x_wconf 84' lang='lat' dir='ltr'>porricere</span> 
     </span>
     <span class='ocr_line' id='line_1_37' title="bbox 172 3508 304 3545; baseline 0 0"><span class='ocrx_word' id='word_1_285' title='bbox 172 3511 186 3545; x_wconf 88' lang='lat' dir='ltr'>o</span> <span class='ocrx_word' id='word_1_286' title='bbox 199 3510 209 3544; x_wconf 77' lang='lat' dir='ltr'>r</span> <span class='ocrx_word' id='word_1_287' title='bbox 222 3508 304 3545; x_wconf 78' lang='lat' dir='ltr'>cauus</span> 
     </span>
    </p>
   </div>
   <div class='ocr_carea' id='block_1_5' title="bbox 0 0 1234 3938">
    <p class='ocr_par' dir='ltr' id='par_1_9' title="bbox 0 0 1234 3938">
     <span class='ocr_line' id='line_1_38' title="bbox 0 0 1234 3938; baseline 0 0"><span class='ocrx_word' id='word_1_288' title='bbox 0 0 1234 3938; x_wconf 95' lang='lat' dir='ltr'> </span> 
     </span>
    </p>
   </div>
  </div>
 </body>
</html>
