2452 3938
106 135 169 200 138
367 144 369 149 ’
512 133 701 191 VARRONIS

104 281 166 345 hoc
188 299 290 364 genus
305 279 446 345 maxime
461 282 510 344 est
524 279 633 345 colore
648 280 733 365 albo,
750 279 827 344 illut
840 281 978 346 alterum
993 285 1113 366 agreste

14 444 17 455 ,
104 370 174 433 sine
203 369 292 454 albo,
322 369 421 434 vario.
468 391 507 432 ex
536 369 577 433 iis
601 369 726 433 duabus
750 369 907 453 stirpibus
930 369 970 434 fit
993 371 1114 435 miscel-

103 457 171 522 lum
199 458 333 523 tertium
361 479 463 542 genus
491 457 617 522 fructus
645 478 756 542 causa,
784 461 883 541 atque
910 458 1064 522 incedunt
1086 459 1116 523 in

104 546 211 611 locum
235 569 350 631 unum,
378 547 462 629 quod
490 546 547 609 alii
570 550 689 610 vocant
711 546 927 630 peristerona,
959 547 1016 611 alii
1039 547 1116 630 peri-

105 635 357 719 sterotrophion,
388 636 421 698 in
455 656 517 719 quo
549 655 615 700 uno
649 656 745 718 saepe
776 635 828 698 vel
860 635 1002 720 quinque
1031 635 1146 700 miliar

73 726 182 791 3sunt
199 724 352 788 inclusae.
380 723 561 807 peristeron
579 723 618 787 fit
636 728 672 787 ut
689 723 821 787 testudo
841 743 971 807 magna,
992 744 1117 788 camara

105 815 219 895 tectus,
242 834 306 877 uno
330 812 416 877 ostio
441 815 590 897 angusto,
612 811 763 876 fenestris
784 811 954 895 punicanis
974 815 1033 876 aut
1050 812 1116 876 lati·

105 901 215 965 oribus
234 901 411 983 reticulatis
431 901 603 984 utrimque,
622 903 659 964 ut
677 900 767 965 locus
783 900 889 964 omnis
904 900 949 964 sit
963 899 1116 984 inlustris,

45 988 48 994 ’
104 1010 184 1053 nere
208 1011 290 1074 quae
313 1010 445 1072 serpens
470 987 591 1053 aliutva
615 987 691 1073 quid
715 989 835 1053 animal
863 988 1049 1054 maleficum
1073 989 1116 1053 in-

104 1078 204 1142 troire
233 1081 339 1160 queat.
383 1077 576 1141 intrinsecus
606 1098 703 1161 quam
730 1077 896 1141 leuissimo
919 1081 1115 1142 marmorato
1127 1100 1147 1139 ιι

107 1166 168 1229 toti
203 1166 343 1248 parietes
381 1186 418 1229 ac
456 1187 602 1230 camarae
635 1164 823 1230 oblinuntur
855 1169 889 1230 et
921 1167 1116 1231 extrinsecus

106 1254 226 1317 circum
250 1253 418 1337 fenestras,
442 1275 481 1318 ne
505 1276 577 1317 mus
602 1258 659 1318 aut
681 1253 805 1319 lacerta
824 1276 888 1338 qua
906 1253 1064 1339 adrepere
1083 1253 1118 1319 ad

73 1341 305 1409 tcolumbaria
328 1342 441 1427 possit
482 1342 565 1406 nihil
588 1343 674 1406 enim
697 1342 843 1406 timidius
861 1343 1023 1409 columba.
1059 1343 1116 1408 sin·

101 1430 189 1515 gulis
224 1432 358 1516 paribus
391 1431 591 1497 columbaria
621 1430 705 1495 fiunt
737 1431 877 1495 rutunda
909 1431 944 1495 in
977 1432 1117 1497 ordinem

106 1519 231 1604 crebra,
260 1520 387 1584 ordines
416 1542 513 1604 quam
541 1520 673 1602 plurimi
700 1523 880 1603 possuntt
860 1522 992 1584 aterna
1021 1540 1147 1606 usquen

106 1607 146 1672 ad
169 1630 341 1673 camaram
386 1608 584 1673 columbaria
612 1608 741 1710 singula
766 1629 836 1673 esse
864 1611 994 1690 oportet
1028 1613 1118 1673 ucst

105 1696 225 1760 habea
211 1700 237 1778 ,
265 1718 328 1780 quo
358 1696 454 1761 modo
477 1697 614 1760 introire
637 1699 671 1760 et
692 1696 778 1760 exire
801 1696 917 1782 possit,
946 1697 1038 1762 intus
1062 1701 1118 1761 ter·

106 1805 223 1847 narum
250 1784 433 1866 palmarum
461 1805 499 1847 ex
530 1785 681 1849 omnibus
703 1785 862 1867 partibus
908 1786 969 1849 sub
995 1787 1118 1850 ordines

106 1872 253 1956 singulos
276 1872 408 1936 tabulae
430 1872 526 1936 fictae
548 1876 586 1936 ut
609 1873 691 1937 sint
699 1874 872 1956 bipalmos,
901 1895 964 1956 quo
989 1878 1119 1938 utantur

75 1960 267 2028 svestibulo
295 1983 332 2026 ao
360 1960 526 2044 prodeant.
572 1983 691 2045 aquam
721 1983 792 2026 esse
815 1964 957 2044 oportet
969 1984 1054 2046 quaa
1077 1964 1149 2026 ina

105 2049 195 2131 fluat,
219 2049 303 2114 unde
326 2053 359 2113 et
378 2050 488 2114 bibere
507 2052 541 2113 et
558 2050 616 2114 ubi
634 2049 739 2114 lavari
757 2051 894 2133 possint
922 2051 1119 2132 permundae

106 2139 193 2201 enim
218 2141 294 2202 sunt
316 2139 378 2202 hae
400 2138 557 2203 volucres.
583 2138 692 2222 itaque
715 2143 881 2222 pastorem
900 2140 1121 2205 columbarum

107 2228 267 2310 quotquot
290 2226 457 2292 mensibus
480 2227 593 2291 crcb'ro
617 2231 747 2309 oportet
771 2248 930 2292 everrere:
964 2233 1016 2292 est
1039 2229 1121 2293 enim

107 2313 192 2397 quod
212 2335 285 2378 eum
303 2315 455 2399 inquinat
473 2315 580 2379 locum
600 2315 784 2398 adpositum
804 2315 844 2379 ad
863 2316 935 2400 agri
954 2317 1120 2399 culturam,

106 2404 154 2466 ita
180 2405 218 2467 ut
244 2402 307 2468 hoc
335 2404 494 2486 optimum
522 2425 592 2467 esse
625 2404 815 2486 scripserint
847 2404 956 2488 aliqui.
1013 2406 1120 2490 siquae
1132 2420 1152 2462 n

108 2491 258 2556 columba
280 2492 356 2575 quid
380 2491 558 2574 offenderit,
580 2494 617 2555 ut
639 2493 822 2575 medeatur3
850 2492 960 2577 siquae
981 2495 1121 2576 perierit,

107 2585 153 2660 ut,
172 2580 335 2662 efferatur,
374 2580 458 2665 siqui
485 2580 566 2663 pulli
593 2579 701 2644 idonei
728 2583 804 2644 sunt
836 2581 877 2645 ad
909 2582 1120 2664 vendendum,

76 2672 246 2750 tpromat.
293 2669 370 2732 item
395 2691 477 2752 quae
499 2668 585 2733 fetae
609 2672 700 2754 sunt,
723 2668 783 2749 [in]
809 2673 932 2733 certum
956 2671 1066 2735 locum
1089 2673 1122 2733 ut

108 2755 285 2833 disclusum
312 2757 353 2821 ab
382 2758 455 2821 aliis
482 2760 552 2821 rete
579 2757 712 2841 habeat,
740 2778 804 2841 quo
834 2758 1083 2838 transferantur,
1105 2779 1120 2821 e

198 2952 230 3000 11
251 2961 378 3001 camarae
401 2947 439 3016 V,
458 2963 585 3002 camerae
604 2963 697 3017 cpopr.
742 2954 775 3002 16
794 2964 935 3003 cameram
976 2954 1011 3004 20
1031 2952 1120 3004 uastu-

107 3017 175 3072 bulo
230 3033 284 3086 qno
304 3017 403 3072 influat
456 3024 490 3072 23
510 3018 679 3087 quodquod
734 3025 769 3072 24
788 3018 950 3088 oppositum
1004 3025 1038 3073 25
1059 3019 1121 3074 scri·

107 3090 225 3158 pserunt
242 3089 357 3156 aliquod
376 3089 434 3144 sinc
453 3105 526 3157 quaa
571 3094 605 3143 26
625 3089 705 3159 siqua
721 3089 836 3159 perierit
886 3096 920 3143 29
938 3091 1121 3146 transferatur

193 3272 227 3320 20
246 3283 317 3335 quae
343 3266 444 3320 influat
462 3267 609 3321 Iracundus
681 3270 771 3335 ttap
793 3266 931 3321 osituma
1004 3271 1038 3320 25
1059 3266 1120 3320 scri·

107 3335 217 3403 pserint
243 3336 333 3406 aliqui
359 3356 376 3394 c
457 3337 481 3391 si
505 3353 577 3406 quae
604 3337 735 3391 columba
790 3338 889 3394 citam
911 3342 1013 3406 quaest.
1041 3336 1119 3392 Varr.

107 3414 306 3533 quarqqurpffd
409 3413 442 3462 28
474 3408 504 3462 in
536 3408 633 3463 deiecit
664 3407 787 3477 Scaliqer
877 3413 911 3462 29
945 3425 1001 3476 quo
1033 3410 1119 3462 trans·
