2452 3938
172 162 236 227 150
589 160 776 217 VARRONIS

172 307 290 372 horum
309 306 454 370 omnium
473 305 629 389 custodia,
647 306 881 370 incrementum
894 308 929 370 et
941 305 1050 390 pastio
1066 309 1178 391 aperis,

142 399 398 498 3praeterquam
425 395 464 458 de
492 395 616 478 apibus.
663 394 735 478 quis
762 395 848 459 enirn
878 394 1011 480 ignorat
1033 398 1177 478 saeptae

171 485 321 549 maceriis
354 484 401 549 ita
433 505 503 548 esse
536 487 685 567 oportere
718 484 753 546 in
779 482 950 568 leporario,
983 486 1021 547 ut
1049 484 1177 549 tectorio

170 577 260 638 tacta
284 574 350 637 sint
373 577 406 637 et
429 573 496 637 sint
519 572 607 637 alta?
645 573 782 636 alterum
808 593 849 636 ne
871 571 967 636 faelis
992 573 1049 636 aut
1071 572 1218 637 maelis

172 663 273 726 aliave
302 683 383 746 quae
412 661 495 727 best‘
485 683 518 725 ra
543 661 680 725 introire
707 661 825 745 possit,
853 660 900 724 alt
886 666 994 725 terum
1020 681 1062 725 na
1091 661 1177 744 lupus
1195 644 1218 747 ll

170 750 347 836 transilire3
384 750 494 834 ibique
518 772 588 814 esse
611 749 768 831 latebras,
799 748 855 813 ubi
879 749 1007 832 lepores
1030 749 1178 814 interdius
1216 754 1218 805 i

171 838 358 904 delitiscunt
375 840 410 903 in
428 840 579 923 virgultis
599 843 695 922 atque
714 837 832 920 herbis,
855 841 889 901 et
908 838 1041 903 arbores
1065 839 1179 922 patulis
1216 808 1218 861 Ι

142 928 289 1011 dramis,
327 949 409 1012 quae
442 929 571 1012 aquilae
602 926 772 1010 inpediant
802 929 946 991 conatus.
1003 927 1077 1011 quis
1108 927 1179 991 item
1215 866 1218 989 l

172 1017 284 1099 nescit,
316 1037 436 1100 paucos
470 1015 498 1081 si
524 1016 666 1098 lepores,
699 1035 803 1079 mares
837 1037 875 1080 ae
906 1014 1055 1100 feminas,
1088 1016 1179 1080 intro
1214 992 1218 1093 l

171 1105 305 1186 miserit,
331 1105 419 1169 brevi
442 1107 588 1186 tempore
612 1104 681 1169 fore
701 1107 739 1167 ut
757 1103 940 1187 inpleatur?
964 1106 1061 1168 tanta
1078 1103 1206 1169 ferun-1⁰

172 1192 256 1256 ditas
284 1192 380 1257 huius
410 1192 624 1276 quadripedis.
671 1197 826 1275 quattuor
855 1192 950 1257 modo
974 1193 1063 1257 enim
1086 1192 1178 1257 intro

172 1281 297 1344 miserit
311 1281 345 1344 in
360 1281 566 1367 leporarium,
580 1282 670 1346 brevi
686 1281 769 1346 solet
788 1281 914 1364 repleri,
942 1281 1064 1345 etenim
1082 1301 1179 1365 saepe,

172 1391 245 1433 oum
271 1369 394 1434 habent
422 1372 547 1435 catulos
574 1373 733 1454 recentes,
761 1370 843 1434 alios
871 1370 906 1433 in
929 1371 1054 1451 ventre,
1067 1368 1178 1434 habers

170 1459 383 1542 reperiuntur.
420 1459 530 1543 itaque
553 1459 592 1523 de
615 1459 655 1522 iis
678 1456 857 1523 Archelaus
881 1458 1003 1542 scribit,
1028 1479 1178 1523 annorum
1216 1500 1218 1507 ·

172 1551 252 1632 quot
279 1548 323 1612 sit
350 1549 403 1632 qui
427 1549 508 1613 velit
535 1548 629 1630 scir'e,
660 1547 818 1632 inspicere
845 1550 996 1629 oportere
1022 1546 1177 1612 foramina
1186 1558 1218 1619 1⁸,

141 1639 315 1721 onaturae,
339 1637 424 1718 quod
447 1636 516 1700 sine
541 1637 638 1701 dubio
663 1636 744 1700 alius
769 1636 833 1700 alio
856 1635 956 1700 habet
978 1635 1081 1719 plura.
1123 1635 1176 1699 hos
1216 1644 1218 1687 ἲ

172 1745 297 1806 quoque
321 1744 424 1806 nuper
446 1725 634 1789 institutum
657 1727 694 1787 ut
718 1723 1090 1810 saginarentpleraque,
1114 1745 1178 1788 cunr
1216 1724 1218 1751 ²

172 1813 324 1894 exceptos
348 1832 365 1875 e
388 1812 548 1894 leporario
573 1813 714 1878 condant
736 1813 772 1876 in
794 1812 900 1877 caveis
924 1816 956 1876 et
978 1812 1052 1878 loco
1078 1813 1178 1878 clauso

171 1899 294 1964 faciant
279 1898 464 1984 t.pingues
509 1923 647 1986 quorum
671 1922 748 1986 ergo
771 1901 837 1965 tria
861 1922 981 1986 genera
1003 1901 1073 1965 fere
1096 1902 1178 1966 sunt:

172 2011 271 2053 unum
294 1988 440 2054 italicum
463 1989 526 2055 hoo
544 1994 619 2054 nost
620 2012 691 2054 rum
709 1989 845 2073 pedibus
864 1989 979 2072 primis
998 1989 1204 2071 humilibus,¹⁹

171 2078 403 2159 posterioribus
428 2079 516 2162 altis,
540 2079 705 2162 superiore
728 2082 819 2161 parte
842 2078 940 2162 pulla,
963 2082 1079 2143 ventre
1103 2078 1179 2158 albo,

172 2165 305 2228 auribus
329 2165 447 2251 longis.
493 2168 547 2253 qui
578 2168 682 2250 lepus
696 2166 828 2251 dicitur,
857 2188 930 2230 oum
952 2188 1115 2252 praegnas
1137 2166 1180 2247 sit,

171 2254 282 2317 tamen
305 2256 482 2338 concipere.
527 2256 562 2319 in
586 2254 695 2319 Gallia
717 2255 919 2338 transalpina
942 2258 975 2318 et
997 2254 1180 2320 Macedonia

170 2341 253 2405 fiunt
285 2344 461 2426 permagni,
494 2344 530 2407 in
562 2342 723 2426 Hispania
755 2343 846 2408 etin
872 2342 970 2407 Italia
1002 2344 1179 2408 medioeres.

142 2430 304 2499 balterius
329 2433 456 2516 generis
480 2437 538 2511 est,
562 2431 647 2517 quod
670 2432 706 2496 in
729 2431 839 2497 Gallia
857 2432 1003 2496 nascitur
1021 2432 1064 2496 ad
1084 2431 1206 2516 Alpisa

172 2519 227 2602 qui
250 2518 312 2584 hoc
334 2521 402 2585 fere
426 2523 564 2605 mutant,
597 2519 682 2604 quod
705 2521 767 2585 toti
791 2519 919 2584 candidi
943 2524 1033 2584 sunt:
1069 2521 1094 2585 ii
1115 2539 1180 2584 raro

171 2608 377 2690 perferuntur
404 2610 552 2674 Romam.
596 2609 685 2673 tertii
713 2609 840 2694 generis
873 2610 937 2693 est,
966 2608 1053 2691 quod
1075 2609 1111 2674 in
1131 2605 1180 2672 Hi·

172 2697 287 2778 spania
304 2697 458 2781 nascitur,
482 2697 598 2762 similis
617 2700 731 2763 nostro
750 2697 854 2780 lepori
872 2718 911 2760 ex
930 2697 1073 2781 quadam
1089 2699 1180 2781 pare,

172 2782 228 2847 sed
260 2784 401 2869 humilis,
434 2808 529 2871 quem
562 2786 745 2850 cuniculum
778 2786 954 2869 appellant.
1009 2785 1046 2851 L.
1078 2784 1180 2850 Aelius

171 2871 310 2954 putabat
342 2872 383 2935 ab
417 2897 454 2939 eo
483 2875 603 2939 dictum
633 2875 776 2958 leporem
806 2896 826 2938 a
855 2873 1073 2959 celeritudine,
1105 2870 1207 2959 quod⁸⁰

172 2959 295 3044 levipes
319 2965 411 3027 esset
459 2983 519 3047 ego
544 2963 686 3028 arbitror
708 2986 727 3028 a
750 2983 867 3048 graeco
890 2963 1049 3027 vocabulo
1075 2963 1181 3040 antico,

263 3099 421 3156 tinterdiu
441 3100 589 3182 (interdius
608 3101 665 3156 cod.
686 3100 767 3170 Pur.)
841 3100 921 3184 llas]
945 3102 978 3154 ut
1053 3100 1182 3156 11intro·

172 3171 249 3225 misit
292 3178 324 3226 12
345 3173 461 3256 etenim]
482 3175 515 3227 ut
533 3171 609 3227 enim
651 3177 684 3226 15
703 3171 779 3240 quod
793 3171 831 3226 sit
851 3173 913 3240 quis
932 3170 1004 3226 uelit
1043 3177 1076 3226 16
1096 3168 1182 3242 plura]

61 3264 65 3279 ·
172 3258 242 3310 para
299 3249 334 3298 25
353 3244 477 3298 nascitur
495 3243 613 3311 adadpis
672 3248 706 3297 29
726 3241 832 3297 humile
894 3190 1182 3313 a1antiquo(antioo

173 3313 231 3368 cod.
255 3313 335 3382 Pur.)

265 3442 296 3492 12
317 3438 422 3494 etenim
441 3453 525 3506 saepe
549 3436 666 3492 Ursinus
743 3442 776 3494 16
795 3437 878 3506 plura
895 3453 911 3492 o
990 3441 1024 3491 25
1051 3438 1088 3493 ad
1104 3436 1182 3506 Alpes

174 3507 320 3563 Iracundus
392 3515 425 3564 29
444 3506 559 3564 humilis
578 3507 760 3564 Schuciduus
