2452 3938
166 155 231 217 110
429 102 431 108 ⁸
583 152 769 208 1111111111

165 298 330 378 occidisse,
354 302 388 361 et
410 302 521 363 tauros
546 299 649 363 solere
674 297 826 362 adversos
852 297 1008 362 adsistere
1031 298 1176 363 clunibus

164 387 372 452 continuatos
392 391 425 450 et
443 386 595 451 cornibus
613 386 708 450 facile
726 385 920 470 propulsare
937 386 1041 470 lupos.
1080 408 1177 470 quare

165 477 203 541 de
226 475 359 541 canibus
387 477 541 558 quoniam
569 495 686 559 genera
710 475 787 557 duo,
816 497 917 539 unum
940 474 1124 540 venaticum
1148 480 1179 539 et

163 566 305 649 pertinet
328 564 368 628 ad
391 565 478 628 feras
502 565 624 628 bestias
649 563 828 647 silvestres,
856 564 994 628 alterum
1018 563 1105 648 quod
1128 585 1177 628 ou·

164 653 288 718 stodiae
311 675 409 718 causa
431 656 564 736 paratur
587 657 620 717 et
642 652 785 736 pertinet
807 653 849 717 ad
871 656 1045 736 pastorem,
1074 652 1177 717 diuam
1199 674 1208 715 1

164 742 203 806 de
232 763 269 807 eo
298 742 338 805 ad
365 742 505 806 formam
534 741 614 806 artis
643 742 822 824 expositam
850 741 885 804 in
912 762 1028 805 novem
1060 745 1178 823 partes.

134 839 152 896 3
252 829 396 895 Primum
430 833 537 895 aetate
569 830 688 894 idonea
718 829 864 913 parandi,
887 830 982 913 ¹quod
1013 830 1114 894 eatuli
1145 834 1178 894 et

164 921 264 984 vetuli
286 941 390 1004 neque
415 919 477 983 sibi
501 940 606 1002 neque
629 918 742 982 ovibus
767 922 843 982 sunt
865 918 1027 1002 praesidio
1050 921 1084 982 et
1101 917 1177 983 feris

163 1008 279 1073 bestiis
302 1029 369 1071 non
391 1029 566 1091 numquam
589 1007 738 1091 praedae.
774 1007 856 1071 faeie
880 1007 999 1072 debent
1022 1028 1094 1071 esse
1114 1007 1176 1071 for·

163 1098 257 1179 mosi,
275 1096 497 1180 magnitudine
517 1096 634 1178 ampla,
658 1096 761 1161 oeulis
780 1095 987 1180 nigrantibus
1008 1099 1066 1160 aut
1084 1095 1177 1180 raris,
1189 1119 1209 1158 u

162 1185 296 1248 naribus
320 1184 585 1268 congruentibus,
608 1184 710 1248 labris
734 1185 898 1268 subnigris
918 1188 974 1248 aut
992 1184 1177 1248 rubieundis

163 1293 267 1357 nsque
290 1272 416 1337 resimis
436 1273 658 1356 superioribus
676 1294 735 1337 neo
753 1273 902 1357 pendulis
921 1273 1046 1357 subtus,
1069 1276 1177 1338 mento

163 1382 337 1445 suppresso
366 1365 399 1425 et
426 1384 465 1425 ex
495 1383 532 1427 eo
557 1361 662 1426 enatis
685 1361 810 1426 duobus
835 1361 984 1426 dentibus
1009 1361 1125 1426 dextra
1149 1365 1178 1426 et

164 1450 298 1515 sinistra
329 1451 426 1532 paulo
460 1450 619 1532 eminulis,
652 1451 873 1533 superioribus
906 1449 1037 1514 directis
1070 1451 1177 1533 potius

131 1547 260 1623 4quam
283 1539 441 1620 broeohis,
465 1544 578 1603 acutos
602 1560 683 1621 quos
706 1538 849 1602 habeant
871 1538 963 1603 labro
986 1541 1108 1622 tentos,
1132 1559 1207 1603 oa·u

161 1629 284 1711 pitibus
304 1631 336 1690 et
355 1628 506 1691 auriculis
525 1628 653 1711 magnis
673 1649 709 1691 ao
726 1627 846 1709 flaeois,
864 1626 982 1691 crassis
997 1627 1177 1692 cervicibus

163 1737 200 1780 aa
227 1717 326 1796 eollo,
352 1715 532 1779 internodia
561 1715 771 1780 articulorum
800 1715 923 1800 longis,
952 1716 1103 1780 eruribus
1130 1718 1177 1797 [ao

162 1804 244 1868 eollo
279 1800 472 1884 internodis]
506 1804 602 1868 rectis
631 1808 664 1869 et
690 1804 800 1889 potius
829 1805 915 1868 varis
944 1826 1042 1888 quam
1072 1805 1176 1882 ratiis,

160 1892 297 1975 pedibus
312 1893 441 1976 magnis
456 1895 489 1956 et
503 1892 589 1975 latis,
608 1894 663 1977 qui
679 1893 874 1977 ingredienti
893 1893 923 1957 ei
942 1892 1176 1976 displodantur,

162 1981 273 2065 digitis
298 1981 455 2063 diseretis,
477 1981 640 2066 unguibus
665 1982 754 2045 duris
777 2004 814 2047 ao
838 1981 955 2062 curvis,
981 1982 1053 2045 solo
1078 2003 1120 2046 ne
1143 1986 1205 2046 uta

161 2092 278 2134 corneo
301 2090 341 2133 ne
364 2071 501 2134 nimium
525 2070 618 2152 duro,
647 2070 703 2133 sed
730 2075 767 2134 ut
796 2070 991 2134 fermentato
1016 2092 1055 2135 aa
1078 2071 1176 2151 molli,

161 2180 181 2221 a
203 2157 376 2222 feminibus
404 2160 540 2223 summis
563 2178 701 2242 oorpore
730 2181 917 2243 suppresso,
950 2158 1045 2241 spina
1073 2180 1176 2244 neque

162 2245 302 2310 eminula
320 2268 422 2330 neque
441 2269 548 2331 ourva,
566 2248 668 2311 cauda
688 2268 806 2329 crassa,
824 2248 944 2312 latrato
963 2248 1065 2332 gravi,
1085 2248 1174 2312 hiatu

161 2355 290 2418 magne,
314 2335 420 2400 colore
443 2336 649 2419 potissimum
674 2336 761 2414 albo,
791 2337 876 2419 quod
899 2337 934 2399 in
957 2335 1105 2400 tenebris
1127 2336 1175 2417 fa

131 2425 252 2490 tollitis
274 2430 496 2506 agnoscuntur,
524 2425 630 2508 speeie
660 2424 802 2488 leonina.
846 2427 1013 2506 praeterea
1036 2424 1174 2489 feminas
1186 2443 1206 2485 u

160 2514 274 2577 volunt
302 2535 372 2576 esse
399 2535 597 2578 mammosas
628 2512 816 2595 aequalibus
839 2512 979 2596 papillis.
1025 2513 1107 2577 item
1131 2513 1175 2578 vi·

160 2601 300 2664 dandum
323 2602 459 2666 utboni
483 2602 612 2667 seminii
637 2602 710 2666 sint.
755 2602 865 2685 itaque
889 2604 921 2665 et
945 2623 964 2664 a
986 2601 1174 2684 regionibus

160 2689 366 2771 appellantur
393 2691 553 2771 Lacones,
575 2689 748 2774 Epirotici,
776 2687 956 2754 Sallentini.
1002 2690 1175 2755 videndum

250 2849 264 2896 1
288 2845 420 2900 ¹diuersos
492 2853 509 2899 4
537 2847 573 2900 ad
601 2846 673 2900 feras
702 2845 828 2899 bestibus
856 2845 1068 2900 assiluestribua
1095 2846 1173 2901 assil-

160 2917 268 2969 uestres
286 2917 379 2970 mendi
397 2921 463 2970 uota
482 2918 608 2985 adpositu
682 2922 715 2969 10
733 2915 821 2987 ranis]
839 2915 916 2970 rabis
983 2922 1015 2970 12
1035 2933 1089 2971 neo
1107 2934 1173 2986 pen-

159 2987 219 3040 duli
238 2990 337 3055 (neque
356 2986 486 3056 pendulis
510 2989 549 3057 V)
610 2993 643 3041 14
662 2987 770 3041 eminus
790 2986 977 3041 suberioribus
1036 2992 1070 3041 18
1085 2986 1173 3058 varis]

158 3058 245 3112 uariis
319 3063 351 3112 19
370 3057 447 3127 latis]
467 3060 532 3113 altis
605 3059 794 3127 displorantur
865 3063 899 3112 20
923 3057 983 3111 solo
1011 3053 1059 3129 ire]
1080 3058 1174 3113 salone

158 3130 249 3252 prendi
271 3135 338 3183 nota
361 3130 488 3199 adposita
560 3135 595 3184 24
614 3129 723 3184 facilius
742 3133 933 3199 agnoscuntur
951 3146 1000 3183 om.
1076 3135 1173 3184 8811-

171 3201 307 3254 amentini

249 3365 282 3412 10
300 3359 375 3413 ranis
393 3375 409 3412 o
461 3364 494 3412 14
513 3359 643 3412 eminulis
662 3361 809 3414 Iucundos
860 3365 891 3412 17
912 3355 1039 3427 eruribus
1058 3360 1173 3414 reotisr

160 3435 193 3484 18
217 3429 291 3484 varis
315 3431 453 3485 Victorius
526 3435 559 3484 19
582 3429 820 3499 displodanturo
892 3435 926 3485 20
953 3430 1012 3484 solo
1036 3429 1174 3486 Victorius

158 3504 192 3552 28
212 3500 349 3555 Salentini
368 3502 513 3556 Iucundos
