2452 3938
160 154 224 220 126
571 153 756 210 VARRONIS

135 276 193 365 nel
217 320 255 364 ea
278 304 312 364 ei
335 300 469 385 urbana,
492 303 525 364 el
547 303 712 384 rogasset,
740 299 818 385 quid
841 300 944 365 exiis
968 300 1067 365 rebus
1089 301 1177 365 eolli-

158 392 260 474 geret,
284 388 392 466 Quid?
425 389 543 473 inquii,
566 390 595 453 si
617 392 750 472 propter
773 387 940 472 pastiones
959 393 1037 455 tuus
1056 388 1176 454 fundus

156 478 191 542 in
214 477 315 543 Rosia
338 478 522 562 probandus
545 476 599 561 sii,
622 480 655 540 el
678 477 832 560 quodibi
855 477 1000 563 pascitur
1019 499 1120 562 pecus
1139 500 1176 542 ae

157 566 359 648 stabulaiur,
382 570 469 632 reete
492 567 571 630 villa
594 566 790 648 appellatur,
816 566 898 632 haee
922 588 1051 650 quoque
1075 566 1177 631 simili

157 655 196 719 de
219 676 318 720 eausa
341 655 438 720 debet
459 655 569 720 vocari
591 654 678 737 villa,
706 655 742 719 in
764 676 828 738 qua
847 659 986 739 propiet
1008 655 1176 738 pastiones
1198 679 1209 722 s

101 753 140 813 11
153 743 277 808 fruclus
312 744 484 828 capiuntur
516 743 635 827 magni.
688 743 768 827 qnid
797 742 883 808 enim
915 743 1030 826 referi,
1062 747 1175 808 ulrum

153 836 286 916 propter
313 854 403 914 oves,
432 855 474 896 an
501 836 636 917 propter
663 853 739 896 aves
766 831 892 897 fruetus
915 832 1052 917 capias?
1091 854 1175 897 anne

154 921 278 986 dulcior
305 926 356 986 est
382 922 508 986 frucius
537 921 621 1004 apud
649 923 682 984 le
711 943 750 984 ex
778 921 907 986 bubulo'
928 942 1059 1004 pecore,
1090 921 1174 986 unde

154 1031 232 1094 apes
255 1013 446 1092 naseuntur,
470 1031 567 1092 quam
586 1031 629 1095 ,ex
653 1009 785 1093 apibus,
812 1031 893 1093 quae
918 1010 958 1074 ad
981 1010 1096 1074 villam
1120 1007 1173 1075 Sei

153 1102 189 1163 in
212 1098 342 1164 alvariis
366 1119 448 1181 opus
470 1097 616 1162 faciunt?
640 1101 774 1162 einum
796 1099 899 1182 pluris
918 1101 955 1163 lu
975 1098 1085 1179 [villa]
1105 1097 1209 1165 illicio

154 1190 249 1251 natos
274 1207 380 1251 verres
403 1186 490 1250 lanio
512 1186 634 1269 vendis,
657 1208 755 1270 quam
772 1187 850 1252 hine
868 1208 965 1270 apros
984 1188 1172 1253 macellario

102 1285 142 1343 12
154 1273 269 1340 Seius?
294 1273 356 1350 Qui
374 1276 482 1340 minus
501 1294 572 1358 ego,
595 1276 703 1359 inquil
720 1275 835 1359 Axius,
857 1275 939 1340 istas
957 1276 1081 1341 habere
1100 1298 1173 1361 pos·

154 1386 226 1428 sum
253 1365 289 1428 in
312 1365 452 1429 Reatina
484 1364 588 1429 villa?
624 1364 689 1428 nisi
716 1364 745 1428 si
774 1363 860 1448 apud
889 1363 998 1429 Seium
1026 1363 1172 1430 Siculum

152 1453 191 1518 fit
212 1454 285 1538 mel,
309 1451 477 1519 Corsieum
499 1453 534 1516 in
557 1451 710 1534 Reatin03
740 1456 773 1516 εὴ
795 1453 849 1517 hie
871 1474 986 1537 aprum
1006 1454 1080 1538 glas
1101 1475 1172 1518 eum

153 1543 257 1626 pascit
285 1543 452 1626 empiieia,
479 1542 560 1607 facil
581 1541 749 1626 pinguem,
779 1541 845 1607 illie
873 1543 1019 1626 gratuita
1043 1542 1207 1607 exilem1s

153 1632 294 1716 Appius,
321 1630 421 1696 Posse
448 1631 489 1694 ad
517 1634 550 1695 le
577 1631 661 1710 fieri,
693 1630 812 1714 inquit,
840 1629 974 1695 Seianas
1000 1630 1172 1714 pastiones

102 1731 221 1789 13non
252 1719 386 1803 negavil
412 1718 552 1802 Merula3
591 1738 653 1802 ego
685 1731 752 1782 non
787 1740 858 1784 esse
885 1720 955 1802 ipse
983 1719 1060 1784 vidi.
1109 1719 1170 1785 duo

152 1808 240 1872 enim
268 1827 388 1891 genera
416 1828 488 1871 eum
516 1808 582 1871 sint
609 1807 809 1891 pastionum,
836 1830 936 1873 unum
964 1811 1112 1893 agreste,
1138 1809 1171 1872 in

153 1918 217 1981 quo
240 1897 411 1980 pecuariae
435 1898 523 1977 sunt,
556 1895 694 1960 alterum
718 1896 906 1981 villaticum,
938 1897 973 1961 in
1000 1918 1066 1980 quo
1096 1900 1171 1962 sunl

153 1985 294 2070 gallinae
318 2007 356 2051 ae
378 1984 549 2050 columbae
572 1987 605 2048 ei
628 2006 705 2069 spes
728 1990 762 2048 εὴ
784 1989 900 2070 uetera,
929 2006 1011 2069 quae
1034 1984 1070 2049 iu
1095 1986 1207 2051 villas

152 2075 259 2140 solent
286 2073 389 2158 pasci,
417 2073 456 2137 de
484 2073 602 2157 quibus
630 2078 664 2137 et
691 2073 818 2138 Poenus
845 2073 943 2158 Mago
972 2077 1006 2138 εὴ
1038 2072 1171 2140 Cassius

152 2162 328 2246 Dionysius
357 2167 390 2226 εὴ
417 2161 474 2227 alii
496 2163 655 2246 quaedam
679 2163 916 2246 separabimus
940 2161 1115 2245 dispersim
1138 2163 1170 2227 in

151 2250 244 2317 libris
268 2251 483 2336 reliquerunt,
511 2272 593 2336 quae
616 2250 709 2315 Seius
736 2251 856 2336 legisse
879 2251 1008 2315 videtur
1036 2255 1071 2316 εὴ
1098 2252 1170 2317 ideo

152 2362 191 2405 ex
214 2340 256 2405 iis
279 2340 483 2424 pastionibus
502 2361 541 2404 ex
558 2361 625 2403 una
643 2340 721 2404 villa
739 2340 878 2405 maiores
897 2340 1022 2405 fruetus
1042 2362 1170 2424 sapere,

100 2438 141 2498 14
155 2451 250 2514 quam
278 2429 333 2494 alii
360 2429 486 2495 faciunt
512 2450 551 2494 ex
578 2432 650 2493 tolo
677 2427 786 2493 fundo.
832 2425 928 2493 Certe
935 2477 945 2512 ,
974 2429 1083 2513 inquii
1105 2428 1169 2494 Me
1182 2450 1207 2492 es

151 2520 237 2584 mla:
260 2540 337 2583 nam
355 2519 402 2583 ibi
421 2517 487 2583 vidi
501 2538 616 2602 greges
632 2536 769 2601 magnos
785 2538 944 2602 anserum,
962 2518 1169 2603 gallinarum,

151 2607 388 2690 columbarum,
411 2627 541 2691 gruum,
564 2627 740 2689 pavonum,
763 2626 822 2670 nee
845 2627 911 2671 non
933 2606 1083 2691 glirium,
1107 2607 1170 2692 pis-

151 2696 249 2778 cium,
278 2716 444 2778 aprorum,
474 2699 600 2759 ceterae
629 2696 820 2761 venationis.
866 2716 905 2759 ex
930 2695 1048 2779 quibus
1071 2696 1168 2761 rebus

151 2783 258 2848 scriba
280 2784 442 2867 librarius,
465 2783 601 2848 libertus
626 2783 703 2866 eius,
726 2784 781 2869 qui
801 2783 951 2866 apparuit
970 2782 1116 2850 Varroni
1139 2788 1170 2849 εὴ

240 2974 424 3045 6eapianiur
497 2975 585 3046 9an]
609 2978 659 3030 aul
731 2975 847 3057 9apes]
875 2992 942 3031 aues
1016 2976 1064 3032 Sei
1082 2977 1132 3059 in]
1146 2976 1169 3031 si

148 3047 179 3103 in
196 3046 256 3118 (Sin
273 3047 310 3117 V)
367 3048 448 3102 10εὴ
465 3063 539 3103 nunc
557 3047 646 3116 pluris
664 3050 714 3102 tua
733 3045 804 3102 uilla
855 3053 887 3100 11
908 3046 1086 3104 macellarios
1106 3047 1167 3103 eius

149 3125 183 3174 22
203 3118 354 3190 quaedam]
378 3119 454 3186 quod
526 3124 560 3172 23
579 3118 663 3188 quae]
688 3135 758 3187 quas
831 3124 865 3172 24
883 3117 998 3174 maioris
1070 3120 1133 3175 25'
1125 3137 1168 3173 m-

151 3192 219 3259 quid
291 3195 325 3244 28
344 3189 509 3245 uenationes

244 3377 260 3425 6
278 3368 427 3438 capiuntur
444 3385 471 3422 m
544 3373 558 3421 7
578 3384 614 3422 an
632 3369 748 3436 propter
766 3385 792 3421 m
848 3373 880 3420 9
900 3383 968 3438 apes
986 3369 1168 3433 nascanturu

152 3441 224 3496 9ad
242 3440 341 3495 uillam
360 3438 418 3495 Seii
440 3439 559 3495 Ursinus
632 3444 665 3492 10
683 3448 751 3493 num
764 3438 882 3508 pluries
956 3444 988 3492 11
1004 3428 1168 3494 macellario

152 3511 232 3567 Seius
250 3512 393 3567 Turnebus
406 3512 510 3566 ualuere.
526 3515 552 3578 8,
568 3514 585 3565 7
622 3515 656 3563 28
671 3512 700 3565 εὴ
718 3511 828 3565 ceierae
846 3508 1005 3565 uenationis
1024 3510 1170 3568 queuuus
