2452 3938
158 161 202 226 50
576 159 763 216 VARRONIS

159 306 333 371 seminario
357 305 536 390 transferri,
560 304 645 389 quod
669 305 791 369 dictum
815 305 857 370 ab
881 327 929 390 eo,
953 305 1040 389 quod
1061 306 1174 391 serpit

158 400 263 479 fossas
278 415 379 459 novas
393 394 512 474 fodere,
526 398 649 458 veteres
663 398 800 478 tergere,
813 395 925 458 vineas
936 395 1174 480 arbustumque

157 487 287 567 putare,
316 483 391 546 dum
419 483 452 547 in
475 501 523 547 xv
552 483 664 546 diebus
692 485 769 547 aute
793 487 825 547 et
848 486 923 566 post
946 484 1106 567 brumam,
1137 487 1175 548 ut

156 572 320 655 pleraque,
342 593 383 637 ne
402 571 511 636 facias.
542 593 601 635 neo
620 593 686 636 non
705 575 775 635 tum
795 570 916 654 aliquid
935 576 1024 637 recte
1044 573 1173 655 seritur,

158 665 195 723 ut
217 661 307 726 ulmi.
1198 683 1209 724 5

84 762 201 818 XXXVI
247 748 370 814 Octavo
389 749 560 812 intervallo
579 748 666 811 inter
683 747 833 812 brumam
853 752 886 811 et
903 749 1073 814 favonium
1089 749 1172 813 haec

155 838 226 901 fieri
254 841 393 921 oportet.
439 837 477 900 de
505 836 683 920 segetibus,
714 836 807 920 siqua
836 839 885 901 est
914 860 1011 921 aqua,
1044 837 1173 921 deduci3

157 927 208 990 sin
228 927 389 990 siccitates
409 929 484 989 sunt
504 929 536 989 et
554 928 640 988 terra
658 925 907 989 teneritudinem
930 927 1040 1003 habet,
1060 927 1171 991 sarire.

155 1015 266 1079 vineas
295 1015 493 1096 arbustaque
520 1017 643 1096 putare.
694 1035 765 1078 cum
798 1013 832 1078 in
867 1015 955 1099 agris
989 1037 1071 1098 opus
1099 1015 1172 1079 fieri

154 1126 222 1168 nou
245 1106 367 1186 potest,
398 1124 480 1186 quae
509 1102 568 1166 sub
598 1105 684 1166 tecto
707 1106 846 1185 possunt
868 1106 947 1167 tunc
970 1103 1172 1168 conficienda
1185 1127 1209 1166 1o

157 1192 349 1256 antelucano
368 1194 515 1273 tempore
533 1190 679 1255 hiberno.
717 1213 799 1274 quae
819 1191 885 1254 dixi
905 1192 1024 1275 scripta
1044 1195 1078 1255 et
1097 1215 1171 1276 pro-

156 1281 265 1362 posita
280 1280 399 1343 habere
418 1280 453 1342 in
473 1279 552 1344 villa
572 1283 711 1363 oportet,
731 1280 870 1344 maxime
888 1285 926 1345 ut
945 1281 1060 1345 vilicus
1073 1282 1171 1347 norit.

68 1382 200 1438 XXXVII
244 1367 322 1432 Dies
361 1369 490 1433 lunares
530 1389 658 1453 quoque
696 1368 905 1452 observandi,
941 1370 997 1453 qui
1029 1370 1171 1454 quodam

155 1462 249 1522 modo
274 1457 436 1541 bipertiti,
464 1457 550 1541 quod
579 1480 598 1521 a
626 1479 712 1522 nova
734 1458 812 1520 luna
835 1459 951 1522 crescit
974 1457 1013 1521 ad
1037 1458 1171 1542 plenar'n

155 1546 279 1610 atinde
297 1568 409 1611 rursus
433 1545 473 1609 ad
487 1567 604 1610 novam
619 1546 730 1609 lunam
750 1546 914 1631 decrescit,
934 1546 1042 1631 quaad
1060 1547 1206 1611 veniatur

156 1634 196 1699 ad
219 1635 519 1716 intermenstruum,
552 1636 597 1714 [e]
623 1656 686 1717 quo
711 1633 760 1697 die
785 1634 901 1700 dicitur
924 1637 1001 1699 luna
1024 1656 1096 1699 esse
1121 1659 1170 1700 ex·

155 1729 261 1787 trema
284 1727 317 1786 et
339 1723 460 1805 prima:
498 1744 517 1785 a
541 1743 604 1806 quo
629 1744 702 1786 eum
726 1722 811 1787 diem
834 1722 975 1788 Athenis
1001 1725 1170 1807 appellant

156 1810 236 1893 ἕνην
264 1807 320 1874 καὶ
348 1807 446 1892 νέαν,
475 1808 638 1894 τριακάδα
667 1811 732 1874 alii.
778 1812 934 1895 quaedam
962 1811 1114 1879 facienda
1136 1804 1194 1877 iu*

155 1900 243 1985 agris
267 1899 376 1984 potius
397 1902 559 1963 arescente
578 1899 656 1963 luna
676 1921 773 1982 quam
792 1905 985 1986 senescente,
1008 1902 1168 1985 quaedam

155 1992 268 2053 contra
301 2008 383 2072 quae
413 1990 528 2071 metas,
561 1991 598 2051 ut
629 1987 792 2053 frumenta
824 1993 857 2053 et
889 1991 1025 2055 caeduas
1060 1991 1169 2056 silvas.
1182 2013 1204 2052 ro

126 2076 227 2161 2Ego
261 2078 376 2158 istaec,
408 2077 513 2160 inquit
545 2076 717 2161 Agrasius,
748 2098 815 2141 non
849 2079 953 2143 solum
985 2079 1020 2142 in
1053 2080 1169 2144 ovibus

154 2165 335 2248 tondendis,
359 2166 413 2229 sed
438 2166 471 2229 in
490 2186 563 2229 meo
583 2165 700 2248 capillo
721 2188 740 2229 a
758 2170 852 2248 patre
871 2171 1039 2250 acceptum
1065 2189 1169 2250 servo,

153 2275 194 2317 ne
230 2253 462 2335 [de]crescente
496 2253 575 2317 luna
604 2254 742 2318 tondens
775 2255 882 2320 calvos
905 2256 991 2320 fiam.
1012 2333 1015 2337 ἵ
1036 2255 1169 2341 Agrius,

155 2342 256 2418 Quem
280 2343 321 2407 ad
344 2343 485 2425 modum,
507 2343 621 2426 inquit,
645 2343 722 2406 luna
746 2343 1002 2428 quadripertita?
1033 2345 1168 2428 etquid

123 2441 191 2498 3ea
225 2432 339 2496 divisio
376 2433 416 2495 ad
449 2452 545 2515 agros
578 2430 701 2514 pollet?
756 2431 949 2515 Tremelius,
980 2432 1167 2518 Numquam
1180 2455 1204 2496 a

153 2542 227 2584 rure
246 2520 375 2602 audisti,
393 2519 508 2603 inquit,
528 2522 643 2584 octavo
663 2518 776 2583 Ianam
798 2521 908 2585 lunam
923 2526 956 2585 et
969 2527 1168 2588 crescentem

152 2613 185 2673 et
218 2612 331 2672 contra
365 2611 598 2686 senescentem,
631 2611 664 2671 et
691 2630 773 2691 quae
801 2613 963 2674 crescente
991 2611 1070 2674 luna
1097 2611 1168 2677 fieri

152 2700 326 2780 oporteret,
343 2698 401 2776 [et]
417 2699 528 2760 tamen
543 2696 700 2780 quaedam
715 2696 831 2762 melius
847 2699 915 2762 fieri
928 2703 1005 2781 post
1014 2703 1167 2764 octavum

151 2782 266 2848 Ianam
295 2785 407 2847 lunam
436 2807 533 2868 quam
560 2785 659 2849 ante?
697 2789 729 2849 et
752 2784 861 2870 siquae
886 2791 1074 2853 senescente
1097 2789 1166 2853 fieri

242 3018 273 3066 15
294 3013 369 3081 quod
388 3013 522 3067 adueniat
538 3013 641 3083 (quoad
659 3013 757 3066 ueniat
780 3013 820 3082 V)
859 3019 891 3067 17
911 3012 1058 3083 appellant
1077 3031 1166 3070 oenen

152 3100 276 3138 caenean
293 3084 423 3138 triacada
531 3090 564 3138 23
588 3083 619 3137 ni
646 3083 817 3139 decrescenti
836 3085 875 3153 (ni
894 3085 1073 3140 decrescente
1091 3086 1165 3156 Pol.)

149 3156 248 3281 iffi?
262 3161 369 3280 luna?
387 3154 485 3224 inquid
566 3154 728 3226 aulanam]
749 3156 843 3209 lanam
925 3162 959 3211 28
978 3157 1042 3226 post
1061 3160 1164 3212 octauo

239 3445 272 3492 16
293 3455 307 3492 e
327 3440 424 3495 delevit
446 3438 563 3493 Ursinus
627 3444 659 3493 17
680 3434 909 3508 appellantium
929 3439 977 3493 aad
997 3436 1068 3494 νέαν
1087 3460 1162 3509 τρια-

149 3504 237 3570 κάδος
256 3509 339 3564 aliiu
413 3515 446 3564 26
466 3509 562 3564 Ianam
581 3510 679 3564 lunam
696 3516 810 3580 atroque
829 3510 919 3565 locon
