2452 3938
107 136 156 215 82⁶
384 145 387 149 ’
519 147 705 204 vanaours

107 295 230 380 amplo,
259 316 340 378 quae
367 295 443 358 lana
472 293 575 358 multa
604 292 648 357 sit
674 296 708 356 et
737 291 841 377 molli,
868 292 958 357 villis
987 292 1063 358 altis
1087 297 1118 358 et

107 383 216 447 densis
240 386 310 448 toto
334 403 482 466 corpore,
512 381 652 445 maxime
676 382 795 446 circum
818 380 975 447 cervicem
999 384 1031 446 et
1054 383 1117 446 col-

106 473 183 554 lum,
207 475 351 536 ventrem
376 492 503 555 quoque
526 473 563 534 ut
581 469 701 534 habeat
719 471 870 554 pilosum.
906 470 1018 553 itaque
1037 492 1118 554 quae

106 561 140 624 id
162 581 228 625 non
251 560 387 642 habent,
414 560 553 624 maiores
580 558 686 622 nostri
716 559 825 641 apicas
849 558 1059 643 appellabant
1082 581 1118 624 ac

106 648 291 713 reiciebant.
343 669 413 711 esse
442 651 572 731 oportet
598 646 746 736 cruribus
774 646 967 712 humilibus:
1005 647 1148 712 caudiss

107 737 282 801 observant
304 739 341 800 ut
364 735 430 799 sint
449 736 483 799 in
500 735 598 800 Italia
616 735 761 818 prolixis,
783 735 819 799 in
839 733 935 818 Syria
956 734 1118 802 brevibus.

75 825 140 890 4in
161 825 275 909 primis
298 824 472 889 videndum
496 828 532 888 ut
554 823 632 888 boni
651 823 783 888 seminis
802 844 899 907 pecus
918 823 1052 888 habeas.
1086 824 1118 887 id

106 913 173 977 fere
203 935 240 977 ex
267 912 392 977 duabus
420 913 516 976 rebus
544 915 652 994 potest
680 911 913 996 animadverti,
946 934 986 976 ex
1012 911 1119 977 forma

106 1004 139 1066 et
156 1000 325 1086 progenie:
350 1023 388 1064 ex
409 1000 524 1083 forma,
543 1000 571 1063 si
586 1000 703 1065 arietes
718 1001 785 1064 sint
798 1000 904 1067 fronte
918 1001 994 1064 lana
1008 1001 1116 1066 vestit‘

106 1090 197 1173 bene,
218 1089 316 1153 tortis
340 1088 492 1153 cornibus
515 1089 627 1173 pronis
652 1088 693 1153 ad
714 1092 866 1171 rostrum,
894 1089 982 1153 ravis
1007 1090 1149 1171 oculis,1o

105 1178 182 1241 lana
206 1177 328 1262 opertis
353 1178 497 1260 auribus,
528 1176 637 1261 amplo
659 1180 802 1260 pectore,
832 1179 891 1258 [et]
921 1178 1063 1260 scapulis
1087 1184 1118 1242 et

107 1264 254 1330 clunibus
277 1265 364 1349 latis,
386 1264 488 1330 cauda
510 1265 578 1330 lata
597 1268 630 1329 et
648 1266 756 1350 longa.
794 1265 1116 1331 animadvertendum

105 1375 232 1438 quoque
259 1353 373 1438 lingua
402 1375 441 1418 ne
468 1353 564 1439 nigra
587 1357 644 1418 aut
665 1354 757 1419 varia
780 1354 838 1437 sit,
862 1354 947 1439 quod
971 1354 1039 1418 fere
1064 1355 1117 1439 qui

105 1463 177 1506 eam
202 1441 325 1507 habent
349 1443 461 1528 nigros
489 1449 546 1507 cut
574 1443 682 1507 varios
714 1450 888 1527 procreant
918 1464 1032 1528 agnos.
1079 1465 1116 1507 ex

103 1531 259 1617 progenie
290 1535 398 1596 autem
428 1531 713 1616 animadvertitur,
747 1532 776 1596 si
808 1552 911 1617 agnos
943 1537 1147 1617 procreante

72 1619 272 1686 5formoscs.
321 1620 355 1684 in
383 1620 604 1703 emptionibus
632 1620 702 1684 iure
729 1618 850 1684 utimur
873 1641 924 1699 eo,
955 1620 1044 1704 quod
1066 1621 1117 1686 lex

102 1708 321 1792 praescripsit.
365 1707 400 1771 in
423 1730 461 1773 ea
484 1709 569 1773 enim
594 1709 651 1772 alii
673 1709 777 1793 plura,
808 1708 865 1773 alii
887 1709 1043 1792 pauciora
1068 1731 1115 1773 ex-

103 1795 238 1879 cipiunt:
276 1794 407 1880 quidam
434 1797 520 1860 enim
548 1797 653 1880 pretio
680 1796 770 1861 facto
796 1797 831 1860 in
862 1796 1008 1882 singulas
1033 1819 1117 1880 oves,

102 1887 139 1948 ut
161 1882 238 1970 agni
265 1883 355 1948 cordi
383 1884 446 1949 duo
474 1906 533 1969 pro
561 1884 627 1948 un'a
655 1906 714 1949 ove
742 1885 1001 1967 adnumerentur,
1032 1885 1116 1950 etsi

102 1972 180 2058 quoi
200 1975 360 2037 vetustate
384 1973 496 2038 dentes
519 1972 646 2051 absunt,
670 1973 750 2037 item
773 1974 870 2038 binae
892 1995 952 2058 pro
971 1973 1111 2058 singulis
1123 1991 1145 2031 2⁰

102 2064 139 2126 ut
157 2062 342 2146 procedant.
375 2061 414 2126 de
433 2060 557 2146 reliquo
577 2061 710 2146 antiqua
728 2062 953 2126 fere'formula
971 2066 1116 2128 utuntur.

103 2172 176 2214 cum
200 2155 326 2234 emptor
350 2150 430 2215 dixit
453 2148 550 2214 ‘tanti
574 2154 650 2215 sunt
673 2149 718 2214 mi
742 2154 869 2234 emptae
877 2148 907 2215 ‘l'
931 2154 965 2214 et
987 2150 1045 2216 ille
1069 2173 1115 2216 re-

102 2238 234 2324 spondit
248 2237 348 2304 ‘sunt'
364 2243 397 2303 et
411 2239 601 2324 expromisit
613 2260 774 2324 nummos,
794 2243 921 2323 emptor
940 2239 1116 2323 stipulatur

72 2329 211 2413 6prisca
241 2327 381 2392 formula
409 2327 467 2408 sic,
500 2325 622 2392 ‘illasce
651 2348 740 2411 oves,
773 2349 837 2412 qua
864 2327 902 2391 de
930 2349 964 2392 re
997 2329 1116 2412 agitur,

104 2439 199 2482 sanas
222 2420 308 2481 recte
332 2437 412 2499 esse,
435 2416 483 2480 uti
506 2437 603 2500 pecus
623 2416 768 2496 ovillum,
792 2415 876 2500 quod
895 2418 980 2479 recte
1001 2439 1115 2481 sanum
1127 2432 1148 2474 2⁵

104 2510 155 2570 est
178 2509 270 2571 extra
291 2506 415 2569 luscam
435 2505 565 2569 surdam
585 2505 716 2586 minam,
739 2504 772 2568 id
791 2509 841 2568 est
858 2507 970 2581 ventre
991 2505 1116 2590 glabro,

102 2616 206 2679 neque
230 2595 269 2659 de
291 2614 407 2679 pecore
430 2592 584 2657 morboso
609 2614 678 2658 esse
701 2593 883 2677 habereque
904 2595 991 2658 recte
1010 2594 1116 2678 licere,

102 2682 183 2747 haec
211 2683 258 2748 sio
280 2684 366 2745 recte
388 2679 460 2744 fieri
489 2679 714 2763 spondesnel'.
751 2703 825 2747 eum
853 2681 887 2745 id
909 2682 1034 2746 factum
1059 2686 1116 2766 est,

101 2774 211 2836 tamen
240 2790 318 2854 grex
345 2768 511 2834 dominum
534 2791 600 2834 non
624 2769 770 2852 mutavit,
798 2769 864 2834 nisi
888 2769 917 2833 si
940 2773 991 2834 est
1015 2770 1114 2836 adnu-

190 2961 309 3031 3quae]
329 2977 383 3029 quo
465 2961 647 3016 oobscruate
716 2961 780 3016 ‘lid
800 2959 861 3016 fieri
879 2977 913 3016 ex
930 2959 970 3028 (id
990 2978 1024 3017 ex
1045 2963 1116 3030 Pol,

99 3031 130 3086 id
154 3031 215 3086 fieri
238 3048 272 3084 ex
294 3032 400 3102 apoyr.)
479 3035 511 3085 10
535 3031 640 3101 promis
715 3039 746 3086 11
767 3032 855 3102 ampli
934 3038 967 3086 14
986 3033 1064 3104 eam]
1084 3049 1116 3087 ca

102 3111 134 3159 16
158 3119 213 3171 quo
236 3101 282 3156 lex
304 3103 389 3172 (quod
411 3101 457 3157 lex
481 3101 520 3172 V)
611 3109 646 3158 20
670 3103 748 3174 quoi]
774 3119 844 3172 quae
935 3108 970 3157 24
993 3103 1114 3173 illasque

102 3179 136 3230 26
161 3175 240 3228 lusca
255 3175 374 3244 (luscam
397 3172 438 3242 V)

190 3357 293 3419 3quae
312 3349 409 3404 idme
465 3349 529 3404 rid
547 3349 640 3405 ferev
698 3355 730 3404 10
748 3351 843 3421 pronis
862 3369 910 3406 mc
967 3356 998 3405 11
1019 3351 1114 3422 amplo

100 3423 214 3492 pectore
237 3421 357 3477 Ursinus
448 3426 480 3474 14
500 3437 563 3474 eam
581 3421 720 3476 habento
812 3427 844 3477 19
864 3422 887 3475 si
907 3422 951 3477 cui
968 3423 1115 3479 [amadus

101 3499 137 3547 24
155 3492 253 3547 illasce
272 3492 417 3547 leemas
