2452 3938
253 162 384 220 RERVM
403 161 642 217 RVSTIOARVM
660 162 727 218 LIB.
744 161 757 214 I
776 168 880 217 31-35
1025 162 1068 226 49

56 308 219 375 Gallicani
243 307 387 392 quidam,
416 307 560 390 legarica
583 308 757 392 appellant,
779 310 917 391 utraque
941 307 1027 372 dicta
1051 330 1070 372 a

54 398 202 484 legendo,
226 397 313 480 quod
336 418 375 461 ea
396 418 462 461 non
482 400 640 480 secantur,
664 397 721 461 sed
739 397 889 461 vellendo
909 396 1070 481 leguntur.

54 488 166 552 vineas
191 490 315 550 veteres
339 486 457 550 iterum
481 506 602 568 occare,
625 485 768 550 novellas
793 485 892 549 etiam
909 485 1018 569 tertio,
1042 485 1067 549 si

56 579 134 642 sunt
157 574 256 640 etiam
279 577 350 638 tum
374 573 518 658 glaebae.

29 692 43 734 5
148 663 270 738 Quinto
280 663 453 727 intervallo
463 663 547 726 inter
557 662 737 726 caniculam
748 666 780 726 et
789 662 1030 748 aequinoctium
1038 676 1153 732 xxxin

57 752 247 817 autumnale
270 754 400 835 oportet
422 754 602 815 stramenta
624 750 766 815 desecari
790 754 823 815 et
844 772 977 816 acervos
996 774 1070 817 con·

56 841 167 924 stitni,
200 843 292 904 arata
324 839 465 924 offringi,
497 840 645 905 frondem
677 839 783 923 caedi,
814 841 919 924 prata*
943 841 1072 926 inrigua

55 932 176 995 iterum
200 929 310 994 secari.

149 1016 246 1082 Sexto
265 1017 436 1081 intervallo
457 1017 498 1081 ab
522 1017 728 1100 aequinoctio
747 1009 935 1082 autumnali
947 1017 1027 1082 inci·
1036 1031 1155 1089 xxxrv

17 1136 43 1177 ιο
56 1127 134 1191 pere
166 1105 313 1170 scribunt
340 1109 488 1188 oportere
517 1126 622 1169 serere
651 1128 752 1190 usque
785 1107 825 1171 ad
858 1107 941 1170 diem
972 1128 1072 1171 nona·

59 1195 220 1281 gesimam
248 1215 362 1277 unum,
398 1198 475 1276 post
502 1194 660 1277 brumam,
688 1194 753 1258 nisi
781 1217 863 1279 quae
893 1195 1074 1261 necessaria

59 1304 158 1348 causa
181 1283 338 1368 coegerit,
367 1303 433 1346 non
456 1304 577 1366 serere,
605 1282 690 1366 quod
713 1286 842 1347 tantum
865 1284 1009 1363 intersit,
1036 1288 1074 1349 ut

58 1376 134 1437 ante
154 1371 303 1435 brumam
324 1374 396 1435 sata
414 1393 496 1455 quae
516 1372 654 1453 septimo
675 1371 734 1453 die,
747 1378 819 1453 post
836 1373 984 1436 brumam
1004 1376 1075 1437 sata

60 1460 311 1546 quadragesimo
335 1459 385 1524 die
409 1462 464 1524 vix
488 1460 637 1523 existant.
673 1481 777 1544 neque
802 1464 877 1524 ante
901 1461 1100 1543 aequinoc'
1212 1530 1218 1537 ‚

20 1550 144 1623 15tium
172 1549 271 1633 incipi
301 1552 451 1632 oportere
473 1551 603 1632 putant,
631 1548 729 1632 quod,
757 1549 785 1611 si
808 1548 916 1612 minus
939 1548 1073 1612 idoneae

59 1641 271 1722 tempestates
290 1637 357 1701 sint
375 1641 575 1720 consecutae,
593 1640 777 1720 putrescere
795 1637 919 1702 semina
938 1636 1073 1702 soleant.

60 1726 173 1791 fabam
192 1726 312 1809 optime
332 1727 395 1790 seri
414 1726 447 1789 in
466 1727 675 1810 vergiliarum
700 1747 829 1791 occasu:
861 1748 942 1791 uvas
966 1730 1104 1792 autem2

60 1817 169 1900 legere
194 1819 226 1878 et
244 1814 442 1878 vindemiam
460 1814 565 1879 facere
583 1816 671 1878 inter
689 1815 930 1899 aequinoctium
949 1819 1075 1879 autum-

60 1904 136 1968 nale
167 1907 200 1967 et
227 1903 438 1986 vergiliarum
466 1925 629 1967 occasum:
667 1904 741 1968 dein
768 1905 851 1968 vites
881 1908 995 1987 putere
1026 1904 1074 1967 in-

22 2026 48 2066 20
62 1993 170 2075 cipere
205 1994 238 2054 et
270 2012 452 2076 propagare
483 1995 516 2055 et
545 2013 650 2056 serere
683 2015 789 2075 poma.
838 1992 919 2056 haec
951 1993 1077 2076 aliquot

61 2080 260 2166 regionibus,
279 2080 335 2144 ubi
353 2080 511 2145 maturius
530 2080 655 2164 frigora
667 2081 752 2145 fiunt
767 2081 941 2165 asperiora,
960 2081 1075 2145 melius

64 2190 161 2234 verno
185 2173 341 2250 ternpore.

154 2255 299 2340 Septimo
314 2256 485 2322 intervallo
501 2256 587 2319 inter
605 2256 814 2340 vergiliarum
834 2278 984 2321 occasum
1003 2260 1036 2321 et
1045 2272 1150 2327 XXXV

63 2347 214 2412 brumam
242 2346 322 2410 haec
349 2345 418 2410 fieri
449 2348 598 2429 oportere
622 2345 740 2410 dicunt.
786 2367 890 2410 serere
914 2345 1020 2408 lilium
1045 2349 1077 2409 et

23 2467 49 2509 25
63 2455 201 2499 crocum.
256 2456 338 2518 quae
370 2435 436 2499 iam
469 2433 536 2517 egit
564 2433 705 2497 radicem
737 2454 826 2517 rosa,
863 2455 901 2497 ea
935 2432 1080 2496 caeditur

63 2522 219 2588 radicitus
239 2523 273 2586 in
292 2522 436 2607 virgulas
458 2522 620 2605 palmares
636 2526 669 2585 et
684 2522 843 2586 obruitur:
867 2522 947 2586 haec
967 2520 1078 2585 eadem

63 2615 182 2694 postea
209 2611 403 2676 transfertur
431 2611 517 2676 facta
545 2610 713 2675 viviradix.
758 2611 894 2675 violaria
922 2609 1079 2674 infundo

64 2701 172 2764 facere
195 2722 260 2765 non
284 2703 334 2764 est
357 2700 453 2783 utile,
482 2699 555 2765 ideo
579 2700 665 2783 quod
687 2716 819 2764 necesse
843 2703 893 2764 est
914 2703 1003 2764 terra
1026 2699 1078 2764 ad-

63 2789 190 2853 ruenda
221 2788 372 2872 pulvinos
403 2788 488 2870 fieri,
529 2810 608 2872 quos
641 2789 852 2873 inrigationes
886 2794 918 2853 et
950 2788 1079 2872 pluviae

26 2880 277 2961 atempestates
306 2877 441 2941 abluunt
469 2880 501 2940 et
531 2897 645 2961 agrum
667 2877 791 2942 faciunt
814 2878 1014 2942 macriorem.
1060 2887 1108 2943 al

13 3031 16 3037 ,
65 2966 201 3030 favonio
228 2987 329 3049 usque
358 2966 397 3030 ad
425 2966 546 3030 arcturi
575 2970 722 3030 exortum
750 2970 836 3031 recte
865 2967 1032 3050 serpillum
1062 2987 1080 3029 e

159 3147 174 3194 7
198 3143 293 3196 aratra
402 3145 434 3192 10
462 3139 694 3208 nonagensimum
722 3140 945 3210 (nonagesimum
974 3139 1081 3207 epops.)

68 3218 101 3266 13
121 3213 188 3281 post
205 3211 345 3280 brumam]
365 3210 464 3263 bruma
506 3215 539 3264 16
558 3212 704 3279 patescere
746 3216 780 3263 20
800 3210 916 3278 aliquod
952 3215 986 3263 25
1006 3209 1082 3277 quod

66 3283 126 3338 iam
146 3284 212 3352 eget
231 3282 392 3352 (quodiam
412 3282 471 3349 egit
493 3280 531 3349 V)
603 3298 668 3336 rosa
687 3297 750 3334 mea
769 3282 898 3335 conditur
970 3286 1003 3333 29
1018 3279 1081 3348 plu·

67 3354 132 3407 niae
151 3354 336 3422 tempestates
355 3353 464 3421 (pluuia
483 3355 511 3406 et
529 3353 712 3421 tempestates
727 3354 851 3421 pleneme
870 3352 1041 3421 apoprapta)

161 3519 194 3567 16
213 3514 372 3582 putrescere
390 3529 438 3566 nic

124 3613 211 3653 Varro
226 3621 280 3651 anu.
294 3621 363 3651 nvsr.
907 3605 924 3652 4
