2452 3938
166 175 186 239 8
571 174 768 249 cussonis

167 321 207 386 ad
235 321 342 385 forum
371 322 502 384 auratae
531 322 632 402 stant,
661 341 717 384 sex
745 342 849 384 mares
878 323 911 384 et
937 320 1077 387 feminae
1101 321 1177 386 toti-

166 409 250 492 dem,
269 410 323 473 sed
343 409 416 472 illos
436 426 486 472 ΧΠ
506 407 592 491 deos,
612 409 668 491 qui
687 408 825 472 maxime
846 409 1063 493 agricolarum
1083 411 1176 475 duces

134 502 252 563 bsunt.
297 498 446 581 primum,
471 497 525 579 qui
549 497 653 559 omnis
677 496 798 561 fructos
825 498 895 582 agri
920 498 1069 562 culturae·
1090 499 1176 564 caelo

167 590 200 650 et
218 590 306 651 terra
330 585 507 666 continent,
530 583 641 649 Iovem
660 588 692 648 et
710 585 884 649 Tellurem:
908 586 1026 671 itaque,
1050 587 1176 671 quodii

166 679 330 758 parentes,
359 672 469 757 magni
497 672 661 756 dicuntur,
690 673 836 756 luppiter
863 679 956 758 pater
986 676 1206 759 appellatur‚s

166 763 277 828 Tellus
296 768 385 826 terra
404 765 515 826 mater.
553 762 692 826 secundo
712 762 820 827 Solem
840 767 873 827 et
887 761 1021 848 Lunam,
1040 786 1177 847 quorum

165 855 314 935 tempora
337 851 562 933 observantur,
592 873 664 914 cum
688 852 844 934 quaedam
873 856 1025 916 seruntur
1044 855 1083 917 et
1107 874 1178 918 con·

166 940 296 1004 duntur.
323 941 421 1005 tertio
438 938 586 1003 Cererem
601 945 633 1003 et
647 939 808 1020 Liberum,
823 939 908 1022 quod
922 940 1039 1004 horum
1053 940 1176 1006 frubtus

166 1028 305 1092 maxime
337 1027 499 1092 necessari
527 1027 567 1090 ad
595 1028 730 1092 victum:
761 1028 802 1092 ab
830 1028 883 1092 his
913 1029 998 1092 enim
1026 1029 1120 1094 cibus
1149 1035 1178 1094 et

135 1123 155 1180 6
166 1117 256 1198 potio
280 1117 371 1181 venit
390 1137 406 1179 e
424 1115 534 1180 fundo.
572 1119 687 1198 quarto
707 1115 872 1200 Robigum
891 1139 929 1181 ac
946 1117 1087 1200 Floram,
1112 1118 1222 1202 qui-ro:

165 1205 226 1269 bus
259 1204 413 1289 propitiis
445 1225 550 1287 neque
583 1204 699 1289 robigo
727 1204 892 1269 frumenta
920 1209 1017 1290 atque
1046 1207 1177 1272 arbores
1217 1228 1222 1293 ξ

166 1293 357 1376 corrumpit,
384 1313 487 1376 neque
515 1314 582 1356 non
604 1293 795 1377 tempestive
817 1294 943 1358 florent.
989 1295 1102 1378 itaque
1125 1318 1178 1380 pu·

166 1382 251 1446 blice
268 1381 399 1467 Robigo
421 1380 521 1445 feriae
540 1380 724 1466 Robigalia,
747 1381 862 1446 Florae
884 1382 952 1446 ludi
969 1381 1116 1448 Floralia
1134 1383 1178 1448 in-
1213 1445 1216 1453 .

167 1471 285 1536 stitnti
318 1470 397 1534 item
417 1469 592 1535 adveneror
605 1469 785 1534 Minervam
805 1474 838 1534 et
851 1469 1022 1556 Venerem,
1041 1494 1179 1555 quarum

164 1559 260 1623 unius
288 1560 475 1642 procuratio
503 1559 629 1640 oliveti,
658 1558 792 1623 alterius
820 1560 1003 1644 hortorum,
1032 1582 1097 1644 quo
1121 1582 1211 1627 no-rs

165 1647 251 1711 mine
275 1649 397 1711 rustica
420 1645 554 1710 Vinalia
576 1646 735 1710 instituta.
771 1669 920 1713 necnon
945 1649 1044 1713 etiam
1063 1672 1180 1734 precor

164 1735 346 1818 Lympham
379 1757 416 1799 ac
443 1733 573 1798 Bonum
599 1735 777 1819 Eventum,
810 1737 962 1820 quoniam
996 1737 1063 1800 sine
1095 1760 1181 1822 aqua
1219 1762 1222 1767 ’

167 1826 272 1887 omnis
296 1823 386 1886 arida
410 1845 448 1886 ac
470 1823 589 1886 misera
612 1824 684 1908 agri
708 1825 844 1907 cultura,
873 1826 942 1889 sine
966 1847 1117 1892 successu
1143 1851 1179 1894 ac
1220 1882 1222 1889 ,

134 1911 253 1977 'ibono
286 1915 402 1976 eventu
434 1911 604 1976 frustratio
638 1914 700 1994 est,
732 1915 798 1977 non
826 1915 961 1978 cultura.
1006 1914 1046 1978 iis
1077 1916 1180 2001 igitur

165 2000 233 2064 deis
258 2001 297 2064 ad
321 2000 561 2064 venerationem
586 2000 751 2065 advocatis
775 2022 834 2086 ego
854 2001 992 2066 referam
1012 2024 1213 2070 sermonesn

166 2110 221 2153 eos
246 2110 326 2172 qnos
355 2088 394 2151 de
418 2088 489 2172 agri
513 2089 640 2153 cultura
661 2089 833 2154 habuimus
856 2113 972 2174 nuper,
996 2113 1034 2154 ex
1060 2093 1179 2176 quibus

165 2176 242 2260 quid
260 2180 293 2240 te
312 2177 418 2240 facere
438 2182 586 2259 oporteat
604 2178 860 2242 animadvertere
882 2180 1014 2263 poteris.
1051 2181 1087 2246 in
1107 2183 1180 2266 quis

165 2286 247 2348 quae
257 2287 323 2330 non
336 2266 467 2330 inerunt
482 2269 515 2329 et
529 2288 671 2349 quaeres,
683 2265 833 2331 indicabo
848 2291 867 2332 a
882 2267 997 2352 quibus
1014 2269 1179 2354 scriptori·

164 2354 226 2419 bus
250 2358 379 2439 repetas
405 2357 439 2430 et
461 2355 584 2439 graecis
609 2360 641 2419 et
664 2356 794 2420 nostris.

99 2503 103 2511 .
254 2443 316 2520 Qui
339 2464 454 2528 graece
473 2443 673 2526 scripserunt
694 2443 864 2527 dispersim
888 2445 972 2508 alius
991 2446 1029 2510 de
1049 2446 1116 2510 alia
1134 2465 1210 2530 ress

133 2536 241 2597 8sunt
268 2533 341 2616 plus
366 2531 611 2616 quinquaginta.
656 2532 690 2595 hi
719 2535 807 2615 sunt,
835 2555 916 2616 quos
939 2538 976 2598 tu
998 2533 1121 2600 habere
1145 2537 1179 2603 in

164 2620 299 2684 consilio
322 2621 454 2704 poteris,
477 2641 549 2683 cum
574 2619 650 2702 quid
675 2622 841 2685 consulere
863 2622 961 2705 voles,
984 2621 1110 2687 Hieron
1130 2622 1178 2688 Si-

165 2707 255 2772 culus
289 2710 322 2771 e't
348 2705 481 2771 Attalus
510 2705 724 2773 Philometor:
753 2708 792 2772 de
824 2709 1027 2794 philosophis
1055 2711 1177 2779 Demo-

163 2796 264 2860 critus
292 2795 461 2878 physicus,
488 2793 669 2880 Xenophon
699 2795 896 2880 Socraticus,
923 2799 1121 2866 Aristoteles
1145 2804 1177 2866 et

164 2883 409 2968 Theophrastus
428 2884 642 2969 peripatetici,
660 2885 824 2970 Archytas
839 2887 1078 2972 Pythagoreus:
1098 2889 1177 2954 item
1188 2909 1211 2949 so

164 2971 401 3055 Amphilochus
421 2973 639 3057 Atheniensis,
659 2974 851 3059 Anaxipolis
871 2974 1019 3061 Thasius,
1038 2976 1177 3062 Apollo-

164 3060 261 3124 dorus
285 3060 448 3144 Lemnius,
472 3061 706 3146 Aristophanes
725 3062 886 3148 Mallotes,
909 3063 1097 3150 Antigonus
1118 3064 1177 3151 Oy·
1210 3131 1213 3135 ,

253 3240 269 3288 2
288 3234 477 3303 agricolarum
573 3243 591 3290 4
610 3236 686 3305 quod
704 3235 726 3290 ii
749 3238 834 3306 (quod
857 3237 887 3291 hi
911 3238 948 3305 V,
968 3239 1043 3308 quod
1061 3239 1082 3293 ii
1107 3241 1176 3295 Via.

163 3311 189 3360 ct
203 3306 328 3373 plurimo
345 3309 517 3376 apographa)
582 3314 614 3361 11
634 3309 726 3375 adque
798 3315 832 3362 24
851 3311 976 3378 repertas
991 3308 1126 3380 (reperias
1145 3311 1176 3378 V,

162 3375 300 3444 reperitas
324 3376 405 3446 Vict.)
477 3385 512 3433 30
531 3380 716 3448 theophrutus
735 3379 945 3448 (theophrastus
970 3380 1007 3448 V)

252 3525 287 3573 24
306 3522 416 3588 repetas
441 3519 578 3576 Victorius
