<?xml version="1.0" encoding="UTF-8"?>
<!DOCTYPE html PUBLIC "-//W3C//DTD XHTML 1.0 Transitional//EN"
    "http://www.w3.org/TR/xhtml1/DTD/xhtml1-transitional.dtd">
<html xmlns="http://www.w3.org/1999/xhtml" xml:lang="en" lang="en">
 <head>
  <title>
</title>
<meta http-equiv="Content-Type" content="text/html;charset=utf-8" />
  <meta name='ocr-system' content='tesseract 3.04.00' />
  <meta name='ocr-capabilities' content='ocr_page ocr_carea ocr_par ocr_line ocrx_word'/>
</head>
<body>
  <div class='ocr_page' id='page_1' title='image "./mterentivarroni00keilgoog/mterentivarroni00keilgoog_0178.png"; bbox 0 0 2452 3938; ppageno 0'>
   <div class='ocr_carea' id='block_1_1' title="bbox 289 179 1120 243">
    <p class='ocr_par' dir='ltr' id='par_1_1' title="bbox 289 179 1120 243">
     <span class='ocr_line' id='line_1_1' title="bbox 289 179 1120 243; baseline 0.007 -6"><span class='ocrx_word' id='word_1_1' title='bbox 289 183 421 237; x_wconf 81' lang='lat' dir='ltr'><strong>RERVM</strong></span> <span class='ocrx_word' id='word_1_2' title='bbox 439 180 676 236; x_wconf 81' lang='lat' dir='ltr'><strong>RVSTICARVM</strong></span> <span class='ocrx_word' id='word_1_3' title='bbox 695 181 763 236; x_wconf 90' lang='lat' dir='ltr'>LIB.</span> <span class='ocrx_word' id='word_1_4' title='bbox 778 181 818 235; x_wconf 89' lang='grc' dir='ltr'><strong>ΙΙΙ</strong></span> <span class='ocrx_word' id='word_1_5' title='bbox 833 188 937 237; x_wconf 75' lang='grc'><strong>16-17</strong></span> <span class='ocrx_word' id='word_1_6' title='bbox 1056 179 1120 243; x_wconf 85' lang='grc'><strong>163</strong></span> 
     </span>
    </p>
   </div>
   <div class='ocr_carea' id='block_1_2' title="bbox 68 325 1216 2889">
    <p class='ocr_par' dir='ltr' id='par_1_2' title="bbox 107 325 1176 677">
     <span class='ocr_line' id='line_1_2' title="bbox 108 325 1175 412; baseline -0.005 -17"><span class='ocrx_word' id='word_1_7' title='bbox 108 334 203 412; x_wconf 89' lang='lat' dir='ltr'><strong>atque</strong></span> <span class='ocrx_word' id='word_1_8' title='bbox 233 329 465 410; x_wconf 89' lang='lat' dir='ltr'><strong>obstupescunt</strong></span> <span class='ocrx_word' id='word_1_9' title='bbox 492 329 652 409; x_wconf 87' lang='lat' dir='ltr'><strong>potantes.</strong></span> <span class='ocrx_word' id='word_1_10' title='bbox 699 327 727 389; x_wconf 91' lang='lat' dir='ltr'><strong>si</strong></span> <span class='ocrx_word' id='word_1_11' title='bbox 756 347 795 390; x_wconf 86' lang='lat' dir='ltr'><strong>cx</strong></span> <span class='ocrx_word' id='word_1_12' title='bbox 822 327 894 390; x_wconf 84' lang='lat' dir='ltr'><strong>alvo</strong></span> <span class='ocrx_word' id='word_1_13' title='bbox 923 327 1030 389; x_wconf 91' lang='lat' dir='ltr'><strong>minus</strong></span> <span class='ocrx_word' id='word_1_14' title='bbox 1060 325 1121 388; x_wconf 89' lang='lat' dir='ltr'><strong>fre·</strong></span> <span class='ocrx_word' id='word_1_15' title='bbox 1134 333 1175 390; x_wconf 80' lang='lat'><strong>36</strong></span> 
     </span>
     <span class='ocr_line' id='line_1_3' title="bbox 107 413 1125 503; baseline -0.007 -21"><span class='ocrx_word' id='word_1_16' title='bbox 107 424 241 503; x_wconf 88' lang='lat' dir='ltr'><strong>quentes</strong></span> <span class='ocrx_word' id='word_1_17' title='bbox 265 417 407 481; x_wconf 88' lang='lat' dir='ltr'><strong>evadunt</strong></span> <span class='ocrx_word' id='word_1_18' title='bbox 435 436 472 479; x_wconf 92' lang='lat' dir='ltr'><strong>ac</strong></span> <span class='ocrx_word' id='word_1_19' title='bbox 501 415 640 478; x_wconf 74' lang='lat' dir='ltr'>subsidit</span> <span class='ocrx_word' id='word_1_20' title='bbox 665 415 773 498; x_wconf 87' lang='lat' dir='ltr'><strong>aliqua</strong></span> <span class='ocrx_word' id='word_1_21' title='bbox 796 436 880 498; x_wconf 88' lang='lat' dir='ltr'><strong>pars,</strong></span> <span class='ocrx_word' id='word_1_22' title='bbox 904 413 1125 497; x_wconf 85' lang='lat' dir='ltr'><strong>subfumigan-</strong></span> 
     </span>
     <span class='ocr_line' id='line_1_4' title="bbox 108 502 1125 588; baseline -0.007 -17"><span class='ocrx_word' id='word_1_23' title='bbox 108 509 183 571; x_wconf 89' lang='lat' dir='ltr'><strong>dum</strong></span> <span class='ocrx_word' id='word_1_24' title='bbox 213 511 247 570; x_wconf 90' lang='lat' dir='ltr'><strong>et</strong></span> <span class='ocrx_word' id='word_1_25' title='bbox 273 525 374 588; x_wconf 85' lang='lat' dir='ltr'>prope</span> <span class='ocrx_word' id='word_1_26' title='bbox 403 503 628 587; x_wconf 88' lang='lat' dir='ltr'><strong>adponendum</strong></span> <span class='ocrx_word' id='word_1_27' title='bbox 656 504 737 567; x_wconf 90' lang='lat' dir='ltr'><strong>bene</strong></span> <span class='ocrx_word' id='word_1_28' title='bbox 769 503 927 567; x_wconf 88' lang='lat' dir='ltr'><strong>olentium</strong></span> <span class='ocrx_word' id='word_1_29' title='bbox 949 502 1125 566; x_wconf 88' lang='lat' dir='ltr'><strong>herbarum</strong></span> 
     </span>
     <span class='ocr_line' id='line_1_5' title="bbox 107 589 1176 677; baseline -0.001 -18"><span class='ocrx_word' id='word_1_30' title='bbox 107 596 249 660; x_wconf 87' lang='lat' dir='ltr'><strong>maxime</strong></span> <span class='ocrx_word' id='word_1_31' title='bbox 284 595 463 677; x_wconf 77' lang='lat' dir='ltr'><strong>apiastrum</strong></span> <span class='ocrx_word' id='word_1_32' title='bbox 498 597 531 656; x_wconf 90' lang='lat' dir='ltr'><strong>et</strong></span> <span class='ocrx_word' id='word_1_33' title='bbox 560 592 718 675; x_wconf 89' lang='lat' dir='ltr'><strong>thymum.</strong></span> <span class='ocrx_word' id='word_1_34' title='bbox 768 590 1002 675; x_wconf 84' lang='lat' dir='ltr'><strong>providendum</strong></span> <span class='ocrx_word' id='word_1_35' title='bbox 1029 589 1122 654; x_wconf 88' lang='lat' dir='ltr'><strong>vehe·</strong></span> <span class='ocrx_word' id='word_1_36' title='bbox 1136 600 1176 658; x_wconf 77' lang='lat'><strong>37</strong></span> 
     </span>
    </p>

    <p class='ocr_par' dir='ltr' id='par_1_3' title="bbox 80 679 1195 1118">
     <span class='ocr_line' id='line_1_6' title="bbox 80 679 1124 765; baseline -0.007 -16"><span class='ocrx_word' id='word_1_37' title='bbox 80 688 236 749; x_wconf 79' lang='lat' dir='ltr'><strong>amenter</strong></span> <span class='ocrx_word' id='word_1_38' title='bbox 258 703 298 746; x_wconf 89' lang='lat' dir='ltr'><strong>ne</strong></span> <span class='ocrx_word' id='word_1_39' title='bbox 321 686 455 765; x_wconf 88' lang='lat' dir='ltr'><strong>propter</strong></span> <span class='ocrx_word' id='word_1_40' title='bbox 477 683 605 745; x_wconf 90' lang='lat' dir='ltr'><strong>aestum</strong></span> <span class='ocrx_word' id='word_1_41' title='bbox 628 685 685 744; x_wconf 92' lang='lat' dir='ltr'><strong>aut</strong></span> <span class='ocrx_word' id='word_1_42' title='bbox 708 684 841 764; x_wconf 88' lang='lat' dir='ltr'><strong>propter</strong></span> <span class='ocrx_word' id='word_1_43' title='bbox 858 679 965 765; x_wconf 82' lang='lat' dir='ltr'><strong>frigus</strong></span> <span class='ocrx_word' id='word_1_44' title='bbox 985 679 1124 762; x_wconf 89' lang='lat' dir='ltr'><strong>dispere-</strong></span> 
     </span>
     <span class='ocr_line' id='line_1_7' title="bbox 109 769 1125 853; baseline -0.005 -17"><span class='ocrx_word' id='word_1_45' title='bbox 109 777 175 837; x_wconf 89' lang='lat' dir='ltr'><strong>ant.</strong></span> <span class='ocrx_word' id='word_1_46' title='bbox 222 771 250 833; x_wconf 93' lang='lat' dir='ltr'><strong>si</strong></span> <span class='ocrx_word' id='word_1_47' title='bbox 274 769 401 853; x_wconf 88' lang='lat' dir='ltr'><strong>quando</strong></span> <span class='ocrx_word' id='word_1_48' title='bbox 425 769 533 833; x_wconf 89' lang='lat' dir='ltr'><strong>subito</strong></span> <span class='ocrx_word' id='word_1_49' title='bbox 557 769 654 832; x_wconf 89' lang='lat' dir='ltr'><strong>imbri</strong></span> <span class='ocrx_word' id='word_1_50' title='bbox 676 770 711 832; x_wconf 92' lang='lat' dir='ltr'><strong>in</strong></span> <span class='ocrx_word' id='word_1_51' title='bbox 734 773 831 853; x_wconf 89' lang='lat' dir='ltr'><strong>pastu</strong></span> <span class='ocrx_word' id='word_1_52' title='bbox 855 773 933 832; x_wconf 90' lang='lat' dir='ltr'><strong>sunt</strong></span> <span class='ocrx_word' id='word_1_53' title='bbox 951 789 1125 850; x_wconf 81' lang='lat' dir='ltr'><strong>oppressae</strong></span> 
     </span>
     <span class='ocr_line' id='line_1_8' title="bbox 110 856 1126 942; baseline -0.006 -18"><span class='ocrx_word' id='word_1_54' title='bbox 110 864 168 924; x_wconf 89' lang='lat' dir='ltr'><strong>aut</strong></span> <span class='ocrx_word' id='word_1_55' title='bbox 186 857 308 941; x_wconf 84' lang='lat' dir='ltr'>frigore</span> <span class='ocrx_word' id='word_1_56' title='bbox 327 857 443 935; x_wconf 89' lang='lat' dir='ltr'><strong>subito,</strong></span> <span class='ocrx_word' id='word_1_57' title='bbox 467 861 641 940; x_wconf 78' lang='lat' dir='ltr'>antequam</span> <span class='ocrx_word' id='word_1_58' title='bbox 665 859 756 940; x_wconf 86' lang='lat' dir='ltr'><strong>ipsae</strong></span> <span class='ocrx_word' id='word_1_59' title='bbox 775 857 977 942; x_wconf 75' lang='lat' dir='ltr'><strong>providerint</strong></span> <span class='ocrx_word' id='word_1_60' title='bbox 995 856 1029 919; x_wconf 91' lang='lat' dir='ltr'><strong>id</strong></span> <span class='ocrx_word' id='word_1_61' title='bbox 1047 856 1126 939; x_wconf 87' lang='lat' dir='ltr'><strong>fore,</strong></span> 
     </span>
     <span class='ocr_line' id='line_1_9' title="bbox 112 944 1195 1031; baseline -0.003 -20"><span class='ocrx_word' id='word_1_62' title='bbox 112 947 198 1031; x_wconf 92' lang='lat' dir='ltr'><strong>quod</strong></span> <span class='ocrx_word' id='word_1_63' title='bbox 230 946 346 1010; x_wconf 89' lang='lat' dir='ltr'><strong>accidit</strong></span> <span class='ocrx_word' id='word_1_64' title='bbox 376 967 450 1010; x_wconf 91' lang='lat' dir='ltr'><strong>raro</strong></span> <span class='ocrx_word' id='word_1_65' title='bbox 483 949 520 1008; x_wconf 93' lang='lat' dir='ltr'><strong>ut</strong></span> <span class='ocrx_word' id='word_1_66' title='bbox 553 945 770 1029; x_wconf 91' lang='lat' dir='ltr'><strong>decipiantur,</strong></span> <span class='ocrx_word' id='word_1_67' title='bbox 808 953 840 1012; x_wconf 94' lang='lat' dir='ltr'><strong>et</strong></span> <span class='ocrx_word' id='word_1_68' title='bbox 872 946 986 1009; x_wconf 88' lang='lat' dir='ltr'><strong>imbris</strong></span> <span class='ocrx_word' id='word_1_69' title='bbox 1024 944 1126 1030; x_wconf 85' lang='lat' dir='ltr'><strong>guttis</strong></span> <span class='ocrx_word' id='word_1_70' title='bbox 1191 954 1195 959; x_wconf 83' lang='lat'><em>&#39;</em></span> 
     </span>
     <span class='ocr_line' id='line_1_10' title="bbox 110 1034 1125 1118; baseline -0.004 -18"><span class='ocrx_word' id='word_1_71' title='bbox 110 1034 264 1100; x_wconf 88' lang='lat' dir='ltr'><strong>uberibus</strong></span> <span class='ocrx_word' id='word_1_72' title='bbox 289 1034 429 1099; x_wconf 89' lang='lat' dir='ltr'><strong>offensae</strong></span> <span class='ocrx_word' id='word_1_73' title='bbox 456 1035 563 1098; x_wconf 91' lang='lat' dir='ltr'><strong>iacent</strong></span> <span class='ocrx_word' id='word_1_74' title='bbox 585 1039 784 1118; x_wconf 74' lang='lat' dir='ltr'><strong>prostratae,</strong></span> <span class='ocrx_word' id='word_1_75' title='bbox 812 1041 848 1099; x_wconf 93' lang='lat' dir='ltr'><strong>ut</strong></span> <span class='ocrx_word' id='word_1_76' title='bbox 871 1034 1022 1117; x_wconf 79' lang='lat' dir='ltr'><strong>afflictae,</strong></span> <span class='ocrx_word' id='word_1_77' title='bbox 1050 1054 1125 1096; x_wconf 91' lang='lat' dir='ltr'><strong>con-</strong></span> 
     </span>
    </p>

    <p class='ocr_par' dir='ltr' id='par_1_4' title="bbox 68 1123 1126 1562">
     <span class='ocr_line' id='line_1_11' title="bbox 68 1123 1124 1210; baseline -0.004 -22"><span class='ocrx_word' id='word_1_78' title='bbox 68 1124 276 1210; x_wconf 80' lang='lat' dir='ltr'><strong>religendum</strong></span> <span class='ocrx_word' id='word_1_79' title='bbox 304 1144 359 1186; x_wconf 87' lang='lat' dir='ltr'><strong>eas</strong></span> <span class='ocrx_word' id='word_1_80' title='bbox 387 1123 421 1185; x_wconf 92' lang='lat' dir='ltr'><strong>in</strong></span> <span class='ocrx_word' id='word_1_81' title='bbox 448 1145 503 1186; x_wconf 88' lang='lat' dir='ltr'><strong>vas</strong></span> <span class='ocrx_word' id='word_1_82' title='bbox 528 1124 660 1206; x_wconf 86' lang='lat' dir='ltr'><strong>aliquod</strong></span> <span class='ocrx_word' id='word_1_83' title='bbox 683 1129 716 1187; x_wconf 90' lang='lat' dir='ltr'><strong>et</strong></span> <span class='ocrx_word' id='word_1_84' title='bbox 738 1124 959 1208; x_wconf 88' lang='lat' dir='ltr'><strong>reponendum</strong></span> <span class='ocrx_word' id='word_1_85' title='bbox 981 1123 1124 1185; x_wconf 89' lang='lat' dir='ltr'><strong>intecto</strong></span> 
     </span>
     <span class='ocr_line' id='line_1_12' title="bbox 112 1210 1126 1295; baseline -0.003 -19"><span class='ocrx_word' id='word_1_86' title='bbox 112 1214 183 1276; x_wconf 92' lang='lat' dir='ltr'><strong>loco</strong></span> <span class='ocrx_word' id='word_1_87' title='bbox 207 1234 244 1276; x_wconf 92' lang='lat' dir='ltr'><strong>ac</strong></span> <span class='ocrx_word' id='word_1_88' title='bbox 267 1210 388 1294; x_wconf 89' lang='lat' dir='ltr'><strong>tepido,</strong></span> <span class='ocrx_word' id='word_1_89' title='bbox 410 1211 557 1294; x_wconf 87' lang='lat' dir='ltr'><strong>proximo</strong></span> <span class='ocrx_word' id='word_1_90' title='bbox 582 1211 632 1275; x_wconf 92' lang='lat' dir='ltr'><strong>die</strong></span> <span class='ocrx_word' id='word_1_91' title='bbox 656 1234 753 1295; x_wconf 89' lang='lat' dir='ltr'><strong>quam</strong></span> <span class='ocrx_word' id='word_1_92' title='bbox 771 1213 911 1276; x_wconf 84' lang='lat' dir='ltr'><strong>maxime</strong></span> <span class='ocrx_word' id='word_1_93' title='bbox 929 1213 1126 1294; x_wconf 87' lang='lat' dir='ltr'><strong>tempestate</strong></span> 
     </span>
     <span class='ocr_line' id='line_1_13' title="bbox 113 1298 1125 1386; baseline -0.002 -22"><span class='ocrx_word' id='word_1_94' title='bbox 113 1302 197 1364; x_wconf 92' lang='lat' dir='ltr'><strong>bona</strong></span> <span class='ocrx_word' id='word_1_95' title='bbox 220 1301 327 1365; x_wconf 88' lang='lat' dir='ltr'><strong>cinere</strong></span> <span class='ocrx_word' id='word_1_96' title='bbox 350 1299 437 1363; x_wconf 87' lang='lat' dir='ltr'><strong>facto</strong></span> <span class='ocrx_word' id='word_1_97' title='bbox 461 1321 478 1362; x_wconf 93' lang='lat' dir='ltr'><strong>e</strong></span> <span class='ocrx_word' id='word_1_98' title='bbox 500 1298 648 1363; x_wconf 90' lang='lat' dir='ltr'><strong>ficulneis</strong></span> <span class='ocrx_word' id='word_1_99' title='bbox 672 1301 771 1384; x_wconf 78' lang='lat' dir='ltr'><strong>lignis</strong></span> <span class='ocrx_word' id='word_1_100' title='bbox 798 1300 998 1364; x_wconf 85' lang='lat' dir='ltr'><strong>infriandum</strong></span> <span class='ocrx_word' id='word_1_101' title='bbox 1027 1299 1125 1386; x_wconf 89' lang='lat' dir='ltr'><strong>paulo</strong></span> 
     </span>
     <span class='ocr_line' id='line_1_14' title="bbox 112 1387 1125 1471; baseline -0.003 -18"><span class='ocrx_word' id='word_1_102' title='bbox 112 1390 184 1471; x_wconf 91' lang='lat' dir='ltr'><strong>plus</strong></span> <span class='ocrx_word' id='word_1_103' title='bbox 212 1388 303 1453; x_wconf 91' lang='lat' dir='ltr'><strong>caldo</strong></span> <span class='ocrx_word' id='word_1_104' title='bbox 332 1409 429 1470; x_wconf 88' lang='lat' dir='ltr'><strong>quam</strong></span> <span class='ocrx_word' id='word_1_105' title='bbox 459 1388 627 1471; x_wconf 88' lang='lat' dir='ltr'><strong>tepidiore.</strong></span> <span class='ocrx_word' id='word_1_106' title='bbox 673 1387 786 1452; x_wconf 90' lang='lat' dir='ltr'><strong>deinde</strong></span> <span class='ocrx_word' id='word_1_107' title='bbox 810 1387 1058 1453; x_wconf 90' lang='lat' dir='ltr'><strong>concutiendum</strong></span> <span class='ocrx_word' id='word_1_108' title='bbox 1081 1388 1125 1450; x_wconf 89' lang='lat' dir='ltr'><strong>le-</strong></span> 
     </span>
     <span class='ocr_line' id='line_1_15' title="bbox 112 1474 1126 1562; baseline -0.004 -20"><span class='ocrx_word' id='word_1_109' title='bbox 112 1478 195 1542; x_wconf 88' lang='lat' dir='ltr'><strong>viter</strong></span> <span class='ocrx_word' id='word_1_110' title='bbox 217 1477 289 1559; x_wconf 88' lang='lat' dir='ltr'><strong>ipso</strong></span> <span class='ocrx_word' id='word_1_111' title='bbox 313 1498 401 1557; x_wconf 87' lang='lat' dir='ltr'><strong>vasu,</strong></span> <span class='ocrx_word' id='word_1_112' title='bbox 423 1480 461 1540; x_wconf 93' lang='lat' dir='ltr'><strong>ut</strong></span> <span class='ocrx_word' id='word_1_113' title='bbox 483 1498 580 1540; x_wconf 91' lang='lat' dir='ltr'><strong>manu</strong></span> <span class='ocrx_word' id='word_1_114' title='bbox 603 1498 670 1540; x_wconf 93' lang='lat' dir='ltr'><strong>non</strong></span> <span class='ocrx_word' id='word_1_115' title='bbox 693 1480 821 1562; x_wconf 85' lang='lat' dir='ltr'><strong>tangas,</strong></span> <span class='ocrx_word' id='word_1_116' title='bbox 845 1480 878 1539; x_wconf 92' lang='lat' dir='ltr'><strong>et</strong></span> <span class='ocrx_word' id='word_1_117' title='bbox 900 1474 1067 1558; x_wconf 90' lang='lat' dir='ltr'><strong>ponendae</strong></span> <span class='ocrx_word' id='word_1_118' title='bbox 1090 1476 1126 1538; x_wconf 90' lang='lat' dir='ltr'><strong>in</strong></span> 
     </span>
    </p>

    <p class='ocr_par' dir='ltr' id='par_1_5' title="bbox 69 1564 1179 1915">
     <span class='ocr_line' id='line_1_16' title="bbox 69 1564 1179 1648; baseline -0.001 -19"><span class='ocrx_word' id='word_1_119' title='bbox 69 1589 96 1629; x_wconf 82' lang='lat'><strong>15</strong></span> <span class='ocrx_word' id='word_1_120' title='bbox 112 1567 190 1631; x_wconf 90' lang='lat' dir='ltr'><strong>sole.</strong></span> <span class='ocrx_word' id='word_1_121' title='bbox 237 1586 318 1648; x_wconf 90' lang='lat' dir='ltr'><strong>quae</strong></span> <span class='ocrx_word' id='word_1_122' title='bbox 351 1565 435 1628; x_wconf 85' lang='lat' dir='ltr'><strong>enirn</strong></span> <span class='ocrx_word' id='word_1_123' title='bbox 469 1565 515 1628; x_wconf 89' lang='lat' dir='ltr'><strong>sic</strong></span> <span class='ocrx_word' id='word_1_124' title='bbox 543 1564 787 1648; x_wconf 89' lang='lat' dir='ltr'><strong>concaluerunt,</strong></span> <span class='ocrx_word' id='word_1_125' title='bbox 821 1566 999 1628; x_wconf 88' lang='lat' dir='ltr'><strong>restituunt</strong></span> <span class='ocrx_word' id='word_1_126' title='bbox 1028 1585 1061 1627; x_wconf 90' lang='lat' dir='ltr'><strong>se</strong></span> <span class='ocrx_word' id='word_1_127' title='bbox 1090 1571 1179 1628; x_wconf 86' lang='lat' dir='ltr'><strong>ac38</strong></span> 
     </span>
     <span class='ocr_line' id='line_1_17' title="bbox 112 1652 1129 1736; baseline -0.002 -20"><span class='ocrx_word' id='word_1_128' title='bbox 112 1655 324 1734; x_wconf 81' lang='lat' dir='ltr'><strong>revivescunt,</strong></span> <span class='ocrx_word' id='word_1_129' title='bbox 355 1657 392 1716; x_wconf 95' lang='lat' dir='ltr'><strong>ut</strong></span> <span class='ocrx_word' id='word_1_130' title='bbox 425 1653 509 1716; x_wconf 90' lang='lat' dir='ltr'><strong>solet</strong></span> <span class='ocrx_word' id='word_1_131' title='bbox 541 1653 694 1717; x_wconf 88' lang='lat' dir='ltr'><strong>similiter</strong></span> <span class='ocrx_word' id='word_1_132' title='bbox 724 1653 795 1717; x_wconf 90' lang='lat' dir='ltr'><strong>fieri</strong></span> <span class='ocrx_word' id='word_1_133' title='bbox 827 1653 863 1717; x_wconf 91' lang='lat' dir='ltr'><strong>in</strong></span> <span class='ocrx_word' id='word_1_134' title='bbox 895 1652 1014 1716; x_wconf 88' lang='lat' dir='ltr'><strong>muscis</strong></span> <span class='ocrx_word' id='word_1_135' title='bbox 1044 1673 1129 1736; x_wconf 90' lang='lat' dir='ltr'><strong>aqua</strong></span> 
     </span>
     <span class='ocr_line' id='line_1_18' title="bbox 113 1739 1127 1823; baseline 0 -19"><span class='ocrx_word' id='word_1_136' title='bbox 113 1742 243 1805; x_wconf 89' lang='lat' dir='ltr'><strong>necatis.</strong></span> <span class='ocrx_word' id='word_1_137' title='bbox 297 1741 359 1805; x_wconf 91' lang='lat' dir='ltr'><strong>hoc</strong></span> <span class='ocrx_word' id='word_1_138' title='bbox 391 1739 572 1805; x_wconf 88' lang='lat' dir='ltr'><strong>faciendum</strong></span> <span class='ocrx_word' id='word_1_139' title='bbox 606 1742 781 1807; x_wconf 89' lang='lat' dir='ltr'><strong>secundum</strong></span> <span class='ocrx_word' id='word_1_140' title='bbox 814 1743 918 1823; x_wconf 88' lang='lat' dir='ltr'><strong>alvos,</strong></span> <span class='ocrx_word' id='word_1_141' title='bbox 949 1744 986 1805; x_wconf 89' lang='lat' dir='ltr'><strong>ut</strong></span> <span class='ocrx_word' id='word_1_142' title='bbox 1017 1761 1127 1804; x_wconf 88' lang='lat' dir='ltr'><strong>recon-</strong></span> 
     </span>
     <span class='ocr_line' id='line_1_19' title="bbox 114 1829 1169 1915; baseline 0 -23"><span class='ocrx_word' id='word_1_143' title='bbox 114 1830 241 1893; x_wconf 88' lang='lat' dir='ltr'><strong>ciliatae</strong></span> <span class='ocrx_word' id='word_1_144' title='bbox 265 1829 304 1892; x_wconf 90' lang='lat' dir='ltr'><strong>ad</strong></span> <span class='ocrx_word' id='word_1_145' title='bbox 329 1851 422 1893; x_wconf 89' lang='lat' dir='ltr'><strong>suum</strong></span> <span class='ocrx_word' id='word_1_146' title='bbox 445 1852 590 1915; x_wconf 90' lang='lat' dir='ltr'><strong>quaeque</strong></span> <span class='ocrx_word' id='word_1_147' title='bbox 613 1853 694 1915; x_wconf 90' lang='lat' dir='ltr'><strong>opus</strong></span> <span class='ocrx_word' id='word_1_148' title='bbox 719 1835 752 1895; x_wconf 91' lang='lat' dir='ltr'><strong>et</strong></span> <span class='ocrx_word' id='word_1_149' title='bbox 769 1831 967 1896; x_wconf 84' lang='lat' dir='ltr'><strong>domicilium</strong></span> <span class='ocrx_word' id='word_1_150' title='bbox 985 1830 1127 1894; x_wconf 88' lang='lat' dir='ltr'><strong>redeant.</strong></span> <span class='ocrx_word' id='word_1_151' title='bbox 1164 1902 1169 1911; x_wconf 39' lang='lat'><strong>,</strong></span> 
     </span>
    </p>

    <p class='ocr_par' dir='ltr' id='par_1_6' title="bbox 201 1917 1216 2003">
     <span class='ocr_line' id='line_1_20' title="bbox 201 1917 1216 2003; baseline 0.004 -23"><span class='ocrx_word' id='word_1_152' title='bbox 201 1917 330 1982; x_wconf 84' lang='lat' dir='ltr'><strong>Interea</strong></span> <span class='ocrx_word' id='word_1_153' title='bbox 357 1917 441 1981; x_wconf 89' lang='lat' dir='ltr'><strong>redit</strong></span> <span class='ocrx_word' id='word_1_154' title='bbox 467 1919 509 1982; x_wconf 89' lang='lat' dir='ltr'><strong>ad</strong></span> <span class='ocrx_word' id='word_1_155' title='bbox 535 1941 594 1983; x_wconf 91' lang='lat' dir='ltr'><strong>nos</strong></span> <span class='ocrx_word' id='word_1_156' title='bbox 622 1919 711 1983; x_wconf 87' lang='lat' dir='ltr'><strong>Pavo</strong></span> <span class='ocrx_word' id='word_1_157' title='bbox 735 1924 780 2003; x_wconf 89' lang='lat' dir='ltr'><strong>et,</strong></span> <span class='ocrx_word' id='word_1_158' title='bbox 814 1918 847 1982; x_wconf 82' lang='lat' dir='ltr'><strong>si</strong></span> <span class='ocrx_word' id='word_1_159' title='bbox 870 1919 984 1999; x_wconf 86' lang='lat' dir='ltr'><strong>vultis,</strong></span> <span class='ocrx_word' id='word_1_160' title='bbox 1012 1917 1127 2001; x_wconf 91' lang='lat' dir='ltr'><strong>inquit,</strong></span> <span class='ocrx_word' id='word_1_161' title='bbox 1136 1930 1216 1986; x_wconf 84' lang='lat' dir='ltr'><strong>XVII</strong></span> 
     </span>
    </p>

    <p class='ocr_par' dir='ltr' id='par_1_7' title="bbox 73 2005 1129 2445">
     <span class='ocr_line' id='line_1_21' title="bbox 73 2005 1128 2089; baseline 0.002 -21"><span class='ocrx_word' id='word_1_162' title='bbox 73 2031 99 2068; x_wconf 81' lang='lat'><strong>20</strong></span> <span class='ocrx_word' id='word_1_163' title='bbox 113 2027 248 2070; x_wconf 83' lang='lat' dir='ltr'><strong>ancoras</strong></span> <span class='ocrx_word' id='word_1_164' title='bbox 277 2005 407 2089; x_wconf 89' lang='lat' dir='ltr'><strong>tollere,</strong></span> <span class='ocrx_word' id='word_1_165' title='bbox 434 2007 511 2070; x_wconf 90' lang='lat' dir='ltr'><strong>latis</strong></span> <span class='ocrx_word' id='word_1_166' title='bbox 539 2008 661 2071; x_wconf 90' lang='lat' dir='ltr'><strong>tabulis</strong></span> <span class='ocrx_word' id='word_1_167' title='bbox 690 2008 820 2071; x_wconf 90' lang='lat' dir='ltr'><strong>sortitio</strong></span> <span class='ocrx_word' id='word_1_168' title='bbox 843 2007 882 2071; x_wconf 92' lang='lat' dir='ltr'><strong>fit</strong></span> <span class='ocrx_word' id='word_1_169' title='bbox 904 2007 1062 2088; x_wconf 89' lang='lat' dir='ltr'><strong>tribuum,</strong></span> <span class='ocrx_word' id='word_1_170' title='bbox 1090 2027 1128 2070; x_wconf 88' lang='lat' dir='ltr'><strong>ac</strong></span> 
     </span>
     <span class='ocr_line' id='line_1_22' title="bbox 113 2094 1127 2178; baseline -0.002 -19"><span class='ocrx_word' id='word_1_171' title='bbox 113 2096 219 2178; x_wconf 88' lang='lat' dir='ltr'><strong>coepti</strong></span> <span class='ocrx_word' id='word_1_172' title='bbox 248 2099 325 2158; x_wconf 92' lang='lat' dir='ltr'><strong>sunt</strong></span> <span class='ocrx_word' id='word_1_173' title='bbox 354 2116 372 2158; x_wconf 90' lang='lat' dir='ltr'><strong>a</strong></span> <span class='ocrx_word' id='word_1_174' title='bbox 400 2115 559 2177; x_wconf 88' lang='lat' dir='ltr'><strong>praecone</strong></span> <span class='ocrx_word' id='word_1_175' title='bbox 586 2094 700 2176; x_wconf 88' lang='lat' dir='ltr'><strong>recini,</strong></span> <span class='ocrx_word' id='word_1_176' title='bbox 728 2116 823 2177; x_wconf 91' lang='lat' dir='ltr'><strong>quem</strong></span> <span class='ocrx_word' id='word_1_177' title='bbox 854 2115 998 2178; x_wconf 90' lang='lat' dir='ltr'><strong>quaeque</strong></span> <span class='ocrx_word' id='word_1_178' title='bbox 1020 2095 1127 2158; x_wconf 90' lang='lat' dir='ltr'><strong>tribus</strong></span> 
     </span>
     <span class='ocr_line' id='line_1_23' title="bbox 112 2181 1128 2268; baseline 0 -22"><span class='ocrx_word' id='word_1_179' title='bbox 112 2183 227 2247; x_wconf 86' lang='lat' dir='ltr'><strong>fecerit</strong></span> <span class='ocrx_word' id='word_1_180' title='bbox 254 2181 400 2247; x_wconf 90' lang='lat' dir='ltr'><strong>aedilem.</strong></span> <span class='ocrx_word' id='word_1_181' title='bbox 452 2183 577 2265; x_wconf 85' lang='lat' dir='ltr'><strong>Appius</strong></span> <span class='ocrx_word' id='word_1_182' title='bbox 605 2183 778 2247; x_wconf 81' lang='lat' dir='ltr'><strong>confestim</strong></span> <span class='ocrx_word' id='word_1_183' title='bbox 805 2185 923 2268; x_wconf 79' lang='lat' dir='ltr'><strong>surgit,</strong></span> <span class='ocrx_word' id='word_1_184' title='bbox 950 2188 987 2247; x_wconf 92' lang='lat' dir='ltr'><strong>ut</strong></span> <span class='ocrx_word' id='word_1_185' title='bbox 1009 2183 1128 2247; x_wconf 88' lang='lat' dir='ltr'><strong>ibidem</strong></span> 
     </span>
     <span class='ocr_line' id='line_1_24' title="bbox 113 2272 1128 2355; baseline 0.002 -21"><span class='ocrx_word' id='word_1_186' title='bbox 113 2272 283 2335; x_wconf 85' lang='lat' dir='ltr'><strong>candidato</strong></span> <span class='ocrx_word' id='word_1_187' title='bbox 319 2292 377 2335; x_wconf 88' lang='lat' dir='ltr'><strong>suo</strong></span> <span class='ocrx_word' id='word_1_188' title='bbox 411 2272 632 2355; x_wconf 83' lang='lat' dir='ltr'><strong>gratularetur</strong></span> <span class='ocrx_word' id='word_1_189' title='bbox 665 2292 702 2335; x_wconf 89' lang='lat' dir='ltr'><strong>ac</strong></span> <span class='ocrx_word' id='word_1_190' title='bbox 734 2272 912 2337; x_wconf 90' lang='lat' dir='ltr'><strong>discederet</strong></span> <span class='ocrx_word' id='word_1_191' title='bbox 941 2273 975 2335; x_wconf 93' lang='lat' dir='ltr'><strong>in</strong></span> <span class='ocrx_word' id='word_1_192' title='bbox 1004 2272 1128 2336; x_wconf 89' lang='lat' dir='ltr'><strong>hortos.</strong></span> 
     </span>
     <span class='ocr_line' id='line_1_25' title="bbox 112 2358 1129 2445; baseline -0.002 -21"><span class='ocrx_word' id='word_1_193' title='bbox 112 2359 248 2438; x_wconf 88' lang='lat' dir='ltr'><strong>Merula,</strong></span> <span class='ocrx_word' id='word_1_194' title='bbox 267 2359 413 2423; x_wconf 82' lang='lat' dir='ltr'><strong>Tertium</strong></span> <span class='ocrx_word' id='word_1_195' title='bbox 431 2358 537 2424; x_wconf 87' lang='lat' dir='ltr'><strong>actum</strong></span> <span class='ocrx_word' id='word_1_196' title='bbox 554 2360 593 2424; x_wconf 91' lang='lat' dir='ltr'><strong>de</strong></span> <span class='ocrx_word' id='word_1_197' title='bbox 607 2360 813 2445; x_wconf 89' lang='lat' dir='ltr'><strong>pastionibus</strong></span> <span class='ocrx_word' id='word_1_198' title='bbox 833 2360 986 2425; x_wconf 84' lang='lat' dir='ltr'><strong>villaticis</strong></span> <span class='ocrx_word' id='word_1_199' title='bbox 1005 2367 1129 2443; x_wconf 87' lang='lat' dir='ltr'><strong>postea,</strong></span> 
     </span>
    </p>

    <p class='ocr_par' dir='ltr' id='par_1_8' title="bbox 75 2445 1182 2889">
     <span class='ocr_line' id='line_1_26' title="bbox 75 2445 1128 2533; baseline 0.004 -27"><span class='ocrx_word' id='word_1_200' title='bbox 75 2468 100 2508; x_wconf 76' lang='lat' dir='ltr'><strong>aa</strong></span> <span class='ocrx_word' id='word_1_201' title='bbox 113 2449 227 2532; x_wconf 89' lang='lat' dir='ltr'><strong>inquit,</strong></span> <span class='ocrx_word' id='word_1_202' title='bbox 251 2447 313 2511; x_wconf 90' lang='lat' dir='ltr'><strong>tibi</strong></span> <span class='ocrx_word' id='word_1_203' title='bbox 336 2447 478 2532; x_wconf 79' lang='lat' dir='ltr'><strong>reddam,</strong></span> <span class='ocrx_word' id='word_1_204' title='bbox 501 2445 574 2512; x_wconf 81' lang='lat' dir='ltr'><strong>Axi.</strong></span> <span class='ocrx_word' id='word_1_205' title='bbox 619 2446 897 2533; x_wconf 82' lang='lat' dir='ltr'><strong>Consurgentibus</strong></span> <span class='ocrx_word' id='word_1_206' title='bbox 921 2447 1002 2530; x_wconf 91' lang='lat' dir='ltr'><strong>illis,</strong></span> <span class='ocrx_word' id='word_1_207' title='bbox 1025 2447 1128 2512; x_wconf 86' lang='lat' dir='ltr'><strong>Axius</strong></span> 
     </span>
     <span class='ocr_line' id='line_1_27' title="bbox 113 2536 1129 2620; baseline 0.001 -22"><span class='ocrx_word' id='word_1_208' title='bbox 113 2537 192 2599; x_wconf 91' lang='lat' dir='ltr'><strong>mihi</strong></span> <span class='ocrx_word' id='word_1_209' title='bbox 208 2536 466 2619; x_wconf 90' lang='lat' dir='ltr'><strong>respectantibus</strong></span> <span class='ocrx_word' id='word_1_210' title='bbox 479 2537 584 2617; x_wconf 89' lang='lat' dir='ltr'><strong>nobis,</strong></span> <span class='ocrx_word' id='word_1_211' title='bbox 603 2537 689 2620; x_wconf 90' lang='lat' dir='ltr'><strong>quod</strong></span> <span class='ocrx_word' id='word_1_212' title='bbox 703 2542 735 2601; x_wconf 89' lang='lat' dir='ltr'><strong>ct</strong></span> <span class='ocrx_word' id='word_1_213' title='bbox 754 2537 962 2602; x_wconf 89' lang='lat' dir='ltr'><strong>candidatum</strong></span> <span class='ocrx_word' id='word_1_214' title='bbox 980 2542 1129 2600; x_wconf 89' lang='lat' dir='ltr'><strong>nostrum</strong></span> 
     </span>
     <span class='ocr_line' id='line_1_28' title="bbox 113 2622 1128 2710; baseline 0.003 -24"><span class='ocrx_word' id='word_1_215' title='bbox 113 2622 286 2688; x_wconf 88' lang='lat' dir='ltr'><strong>venturum</strong></span> <span class='ocrx_word' id='word_1_216' title='bbox 318 2625 511 2708; x_wconf 89' lang='lat' dir='ltr'><strong>sciebamus,</strong></span> <span class='ocrx_word' id='word_1_217' title='bbox 543 2625 619 2691; x_wconf 93' lang='lat' dir='ltr'><strong>Non</strong></span> <span class='ocrx_word' id='word_1_218' title='bbox 652 2626 783 2708; x_wconf 88' lang='lat' dir='ltr'><strong>laboro,</strong></span> <span class='ocrx_word' id='word_1_219' title='bbox 816 2627 929 2710; x_wconf 91' lang='lat' dir='ltr'><strong>inquit,</strong></span> <span class='ocrx_word' id='word_1_220' title='bbox 961 2625 1023 2690; x_wconf 92' lang='lat' dir='ltr'><strong>hoc</strong></span> <span class='ocrx_word' id='word_1_221' title='bbox 1056 2625 1128 2689; x_wconf 92' lang='lat' dir='ltr'><strong>loco</strong></span> 
     </span>
     <span class='ocr_line' id='line_1_29' title="bbox 114 2712 1182 2800; baseline 0.005 -29"><span class='ocrx_word' id='word_1_222' title='bbox 114 2712 302 2776; x_wconf 90' lang='lat' dir='ltr'><strong>discessisse</strong></span> <span class='ocrx_word' id='word_1_223' title='bbox 339 2713 506 2780; x_wconf 87' lang='lat' dir='ltr'><strong>Merulam.</strong></span> <span class='ocrx_word' id='word_1_224' title='bbox 560 2715 685 2800; x_wconf 87' lang='lat' dir='ltr'><strong>reliqua</strong></span> <span class='ocrx_word' id='word_1_225' title='bbox 719 2715 805 2779; x_wconf 89' lang='lat' dir='ltr'><strong>enim</strong></span> <span class='ocrx_word' id='word_1_226' title='bbox 838 2715 903 2778; x_wconf 85' lang='lat' dir='ltr'><strong>fere</strong></span> <span class='ocrx_word' id='word_1_227' title='bbox 940 2714 1021 2778; x_wconf 90' lang='lat' dir='ltr'><strong>mihi</strong></span> <span class='ocrx_word' id='word_1_228' title='bbox 1052 2717 1128 2777; x_wconf 90' lang='lat' dir='ltr'><strong>sunt</strong></span> <span class='ocrx_word' id='word_1_229' title='bbox 1161 2721 1182 2777; x_wconf 93' lang='grc'><strong>2</strong></span> 
     </span>
     <span class='ocr_line' id='line_1_30' title="bbox 114 2801 1129 2889; baseline 0.009 -33"><span class='ocrx_word' id='word_1_230' title='bbox 114 2801 201 2878; x_wconf 90' lang='lat' dir='ltr'><strong>nota,</strong></span> <span class='ocrx_word' id='word_1_231' title='bbox 224 2801 319 2882; x_wconf 91' lang='lat' dir='ltr'><strong>quod,</strong></span> <span class='ocrx_word' id='word_1_232' title='bbox 342 2823 415 2865; x_wconf 91' lang='lat' dir='ltr'><strong>cum</strong></span> <span class='ocrx_word' id='word_1_233' title='bbox 438 2804 635 2887; x_wconf 86' lang='lat' dir='ltr'><strong>piscinarum</strong></span> <span class='ocrx_word' id='word_1_234' title='bbox 659 2824 779 2889; x_wconf 84' lang='lat' dir='ltr'><strong>genera</strong></span> <span class='ocrx_word' id='word_1_235' title='bbox 803 2804 868 2868; x_wconf 89' lang='lat' dir='ltr'><strong>sint</strong></span> <span class='ocrx_word' id='word_1_236' title='bbox 891 2804 963 2883; x_wconf 88' lang='lat' dir='ltr'><strong>duc,</strong></span> <span class='ocrx_word' id='word_1_237' title='bbox 987 2802 1129 2867; x_wconf 89' lang='lat' dir='ltr'><strong>dulcium</strong></span> 
     </span>
    </p>
   </div>
   <div class='ocr_carea' id='block_1_3' title="bbox 113 2983 1166 3339">
    <p class='ocr_par' dir='ltr' id='par_1_9' title="bbox 113 2983 1166 3339">
     <span class='ocr_line' id='line_1_31' title="bbox 204 2983 1129 3064; baseline 0.012 -29"><span class='ocrx_word' id='word_1_238' title='bbox 204 2990 219 3037; x_wconf 90' lang='grc'><strong>2</strong></span> <span class='ocrx_word' id='word_1_239' title='bbox 239 2983 457 3054; x_wconf 80' lang='lat' dir='ltr'><strong>subfumigando</strong></span> <span class='ocrx_word' id='word_1_240' title='bbox 532 2995 563 3043; x_wconf 90' lang='lat'><strong>11</strong></span> <span class='ocrx_word' id='word_1_241' title='bbox 582 2992 710 3059; x_wconf 86' lang='lat' dir='ltr'><strong>proximo</strong></span> <span class='ocrx_word' id='word_1_242' title='bbox 734 2992 792 3064; x_wconf 91' lang='lat' dir='ltr'><strong>die]</strong></span> <span class='ocrx_word' id='word_1_243' title='bbox 817 3010 944 3062; x_wconf 87' lang='lat' dir='ltr'><strong>promum</strong></span> <span class='ocrx_word' id='word_1_244' title='bbox 965 3009 980 3045; x_wconf 94' lang='lat' dir='ltr'><strong>e</strong></span> <span class='ocrx_word' id='word_1_245' title='bbox 999 2992 1045 3045; x_wconf 88' lang='lat' dir='ltr'><strong>die</strong></span> <span class='ocrx_word' id='word_1_246' title='bbox 1063 2997 1129 3046; x_wconf 79' lang='lat' dir='ltr'><strong>acta</strong></span> 
     </span>
     <span class='ocr_line' id='line_1_32' title="bbox 113 3055 1166 3131; baseline 0.011 -23"><span class='ocrx_word' id='word_1_247' title='bbox 113 3056 206 3109; x_wconf 74' lang='lat' dir='ltr'><strong>mendi</strong></span> <span class='ocrx_word' id='word_1_248' title='bbox 233 3055 361 3122; x_wconf 82' lang='lat' dir='ltr'><strong>adposito</strong></span> <span class='ocrx_word' id='word_1_249' title='bbox 434 3063 466 3110; x_wconf 90' lang='grc'><strong>12</strong></span> <span class='ocrx_word' id='word_1_250' title='bbox 495 3058 572 3112; x_wconf 82' lang='lat' dir='ltr'><strong>facta</strong></span> <span class='ocrx_word' id='word_1_251' title='bbox 644 3067 677 3116; x_wconf 77' lang='grc'><strong>12</strong></span> <span class='ocrx_word' id='word_1_252' title='bbox 705 3063 817 3131; x_wconf 83' lang='lat' dir='ltr'><strong>negatis</strong></span> <span class='ocrx_word' id='word_1_253' title='bbox 887 3060 1067 3116; x_wconf 88' lang='lat' dir='ltr'><strong>reconciliare</strong></span> <span class='ocrx_word' id='word_1_254' title='bbox 1094 3061 1130 3115; x_wconf 89' lang='lat' dir='ltr'><strong>ad</strong></span> <span class='ocrx_word' id='word_1_255' title='bbox 1163 3113 1166 3120; x_wconf 95' lang='lat'><em>.</em></span> 
     </span>
     <span class='ocr_line' id='line_1_33' title="bbox 113 3127 1128 3199; baseline 0.006 -19"><span class='ocrx_word' id='word_1_256' title='bbox 113 3143 196 3180; x_wconf 89' lang='lat' dir='ltr'><strong>usum</strong></span> <span class='ocrx_word' id='word_1_257' title='bbox 226 3142 337 3194; x_wconf 87' lang='lat' dir='ltr'><strong>quaque</strong></span> <span class='ocrx_word' id='word_1_258' title='bbox 367 3127 575 3196; x_wconf 87' lang='lat' dir='ltr'><strong>(reconciliatae</strong></span> <span class='ocrx_word' id='word_1_259' title='bbox 604 3131 640 3182; x_wconf 85' lang='lat' dir='ltr'><strong>ad</strong></span> <span class='ocrx_word' id='word_1_260' title='bbox 669 3148 749 3183; x_wconf 88' lang='lat' dir='ltr'><strong>suum</strong></span> <span class='ocrx_word' id='word_1_261' title='bbox 774 3148 900 3199; x_wconf 88' lang='lat' dir='ltr'><strong>quaeque</strong></span> <span class='ocrx_word' id='word_1_262' title='bbox 924 3131 963 3198; x_wconf 87' lang='lat' dir='ltr'><strong>V)</strong></span> <span class='ocrx_word' id='word_1_263' title='bbox 1037 3138 1068 3185; x_wconf 83' lang='lat'><strong>19</strong></span> <span class='ocrx_word' id='word_1_264' title='bbox 1087 3133 1128 3186; x_wconf 89' lang='lat' dir='ltr'><strong>in-</strong></span> 
     </span>
     <span class='ocr_line' id='line_1_34' title="bbox 114 3196 1129 3339; baseline 0.006 -88"><span class='ocrx_word' id='word_1_265' title='bbox 114 3199 181 3265; x_wconf 88' lang='lat' dir='ltr'><strong>quid</strong></span> <span class='ocrx_word' id='word_1_266' title='bbox 201 3196 337 3339; x_wconf 45' lang='lat' dir='ltr'><strong>arichoras</strong></span> <span class='ocrx_word' id='word_1_267' title='bbox 404 3204 438 3252; x_wconf 97' lang='grc'><strong>21</strong></span> <span class='ocrx_word' id='word_1_268' title='bbox 457 3197 556 3252; x_wconf 89' lang='lat' dir='ltr'><strong>recinii</strong></span> <span class='ocrx_word' id='word_1_269' title='bbox 623 3205 657 3252; x_wconf 89' lang='grc'><strong>22</strong></span> <span class='ocrx_word' id='word_1_270' title='bbox 677 3199 795 3254; x_wconf 88' lang='lat' dir='ltr'><strong>fecerint</strong></span> <span class='ocrx_word' id='word_1_271' title='bbox 857 3201 958 3270; x_wconf 89' lang='lat' dir='ltr'><strong>appius</strong></span> <span class='ocrx_word' id='word_1_272' title='bbox 975 3202 1074 3270; x_wconf 86' lang='lat' dir='ltr'><strong>(Apius</strong></span> <span class='ocrx_word' id='word_1_273' title='bbox 1089 3202 1129 3271; x_wconf 89' lang='lat' dir='ltr'><strong>V)</strong></span> 
     </span>
     <span class='ocr_line' id='line_1_35' title="bbox 115 3269 322 3323; baseline -0.01 -1"><span class='ocrx_word' id='word_1_274' title='bbox 115 3275 148 3322; x_wconf 85' lang='grc'><strong>29</strong></span> <span class='ocrx_word' id='word_1_275' title='bbox 169 3269 225 3323; x_wconf 91' lang='lat' dir='ltr'><strong>sint</strong></span> <span class='ocrx_word' id='word_1_276' title='bbox 256 3270 322 3321; x_wconf 91' lang='lat' dir='ltr'><strong>sunt</strong></span> 
     </span>
    </p>
   </div>
   <div class='ocr_carea' id='block_1_4' title="bbox 115 3445 1132 3574">
    <p class='ocr_par' dir='ltr' id='par_1_10' title="bbox 115 3445 1132 3574">
     <span class='ocr_line' id='line_1_36' title="bbox 203 3445 1132 3517; baseline 0.002 -17"><span class='ocrx_word' id='word_1_277' title='bbox 203 3453 219 3500; x_wconf 92' lang='grc'><strong>2</strong></span> <span class='ocrx_word' id='word_1_278' title='bbox 244 3445 481 3514; x_wconf 85' lang='lat' dir='ltr'><strong>suffumigandum</strong></span> <span class='ocrx_word' id='word_1_279' title='bbox 504 3463 520 3500; x_wconf 85' lang='lat' dir='ltr'><strong>c</strong></span> <span class='ocrx_word' id='word_1_280' title='bbox 595 3453 626 3502; x_wconf 92' lang='grc'><strong>12</strong></span> <span class='ocrx_word' id='word_1_281' title='bbox 650 3447 765 3514; x_wconf 86' lang='lat' dir='ltr'><strong>factoc</strong></span> <span class='ocrx_word' id='word_1_282' title='bbox 838 3455 870 3502; x_wconf 91' lang='grc'><strong>21</strong></span> <span class='ocrx_word' id='word_1_283' title='bbox 895 3446 984 3502; x_wconf 86' lang='lat' dir='ltr'><strong>recini</strong></span> <span class='ocrx_word' id='word_1_284' title='bbox 1006 3446 1132 3517; x_wconf 76' lang='lat' dir='ltr'><strong>Scaliper</strong></span> 
     </span>
     <span class='ocr_line' id='line_1_37' title="bbox 115 3517 467 3574; baseline 0.026 -8"><span class='ocrx_word' id='word_1_285' title='bbox 115 3519 148 3566; x_wconf 84' lang='grc'><strong>29</strong></span> <span class='ocrx_word' id='word_1_286' title='bbox 168 3517 225 3572; x_wconf 89' lang='lat' dir='ltr'><strong>sint</strong></span> <span class='ocrx_word' id='word_1_287' title='bbox 243 3519 298 3572; x_wconf 92' lang='lat' dir='ltr'><strong>duo</strong></span> <span class='ocrx_word' id='word_1_288' title='bbox 318 3518 467 3574; x_wconf 72' lang='lat' dir='ltr'><strong>Iucundos</strong></span> 
     </span>
    </p>
   </div>
   <div class='ocr_carea' id='block_1_5' title="bbox 916 3609 969 3662">
    <p class='ocr_par' dir='ltr' id='par_1_11' title="bbox 916 3609 969 3662">
     <span class='ocr_line' id='line_1_38' title="bbox 916 3609 969 3662; baseline 0 0"><span class='ocrx_word' id='word_1_289' title='bbox 916 3609 969 3662; x_wconf 84' lang='lat'><strong>11*</strong></span> 
     </span>
    </p>
   </div>
   <div class='ocr_carea' id='block_1_6' title="bbox 0 0 1236 3938">
    <p class='ocr_par' dir='ltr' id='par_1_12' title="bbox 0 0 1236 3938">
     <span class='ocr_line' id='line_1_39' title="bbox 0 0 1236 3938; baseline 0 0"><span class='ocrx_word' id='word_1_290' title='bbox 0 0 1236 3938; x_wconf 95' lang='lat' dir='ltr'><strong> </strong></span> 
     </span>
    </p>
   </div>
  </div>
 </body>
</html>
