2452 3938
105 114 148 178 10
521 111 707 168 VARRONIS

103 262 201 345 gatus
235 259 275 322 ab
307 256 484 340 aeditumo,
516 260 553 322 ut
585 257 690 322 dicere
723 256 892 320 didicimus
921 277 940 320 a
967 255 1117 339 patribus

105 348 237 430 nostris,
255 353 292 410 ut
310 346 502 431 corrigimur
520 346 737 410 arecentibus
755 345 899 428 urbanis,
917 345 958 409 ab
978 344 1118 410 aeditua.

104 435 223 500 offendi
241 435 288 499 ibi
302 433 337 501 O.
351 434 563 513 Fundanium,
583 455 730 499 socerum
745 455 861 515 meum,
880 437 913 497 et
928 431 962 498 O.
977 429 1119 517 Agrium

105 525 245 608 equitem
278 523 315 589 R..
342 520 541 588 Socraticum
574 526 607 586 et
639 523 674 588 P.
699 522 874 605 Agrasium
906 522 1119 604 publicanum

106 616 287 696 spectantes
310 613 345 675 in
369 611 492 695 pariete
519 612 642 694 pictam
665 610 804 675 Italiam.
850 609 935 685 Quid
959 631 1016 674 vos
1040 609 1118 674 hic?
1143 630 1155 672 r

105 702 247 785 inquam,
266 723 344 764 num
362 699 462 764 feriae
476 700 674 764 sementivae
689 699 812 764 otiosos
828 698 892 762 huc
906 698 1120 781 adduxerunt,

73 793 142 855 tut
164 793 274 873 patres
298 793 332 852 et
354 810 432 853 avos
457 788 607 853 solebant
628 788 781 853 nostros?
813 785 885 851 Nos
903 808 989 866 vero,
1011 786 1121 870 inquit

104 877 236 962 Agrius,
258 881 295 941 ut
319 877 469 958 arbitror,
491 877 603 941 eadem
623 875 689 956 [de]
710 897 808 940 causa
825 896 906 959 quae
924 878 966 959 te,
988 875 1119 959 rogatio

106 966 270 1030 aeditumi.
306 966 417 1049 itaque
441 965 470 1029 si
491 965 540 1028 ita
561 968 618 1049 est,
641 968 679 1029 ut
697 965 822 1047 adnuis,
843 985 969 1029 morere
988 965 1121 1046 oportet

104 1055 287 1137 nobiscum,
317 1053 393 1117 dum
425 1053 481 1117 ille
512 1055 704 1118 revertatur.
757 1075 834 1117 nam
867 1052 1042 1117 accersitus
1076 1053 1118 1116 ab
1132 1074 1154 1114 n

106 1142 222 1223 aedile,
253 1142 344 1206 cuius
366 1142 552 1225 procuratio
575 1141 671 1206 huius
694 1142 808 1224 templi
831 1143 890 1219 est,
908 1140 1053 1205 nondum
1071 1153 1121 1204 re·

106 1231 166 1294 diit
194 1234 227 1294 et
253 1251 313 1295 nos
340 1230 389 1294 uti
417 1233 660 1314 expectaremus
688 1251 722 1294 se
744 1229 876 1312 reliquit
899 1229 953 1314 qui
976 1232 1120 1313 rogaret.

105 1319 215 1384 Voltis
238 1319 339 1403 igitur
361 1318 486 1382 interea
508 1322 601 1383 vetus
624 1318 841 1401 proverbium,
865 1318 950 1402 quod
973 1320 1024 1381 est
1044 1317 1119 1382 ‘Ro-

105 1430 222 1472 manus
250 1407 389 1472 sedendo
418 1405 545 1490 vincit',
577 1428 783 1490 usurpemus,
815 1406 892 1470 dum
922 1406 978 1469 ille
1005 1406 1119 1471 venit?

106 1495 200 1581 Sane,
222 1496 330 1581 inquit
348 1495 480 1579 Agrius,
503 1495 548 1560 Et
569 1495 665 1560 simul
684 1496 833 1579 cogitans
858 1499 988 1578 portam
1007 1494 1120 1559 itineri
1132 1513 1156 1558 u

106 1585 168 1650 dici
191 1585 418 1668 longissimam
445 1605 517 1648 esse
540 1584 581 1648 ad
610 1584 765 1648 subsellia
788 1583 998 1667 sequentibus
1021 1583 1119 1648 nobis

105 1673 259 1756 procedit.

74 1768 94 1825 3
194 1761 275 1825 Ourn
303 1759 573 1839 consedissemus,
602 1757 773 1844 Agrasius,
801 1758 884 1843 Vos,
912 1759 967 1842 qui
996 1760 1120 1824 multas

106 1849 358 1932 perambulastis
375 1851 487 1930 terras,
507 1869 642 1932 ecquam
662 1847 831 1912 cultiorem
850 1846 950 1913 Italia
967 1846 1120 1913 vidistis?

105 1938 221 2020 inquit.
270 1936 342 2021 Ego
366 1958 451 2014 vero,
475 1938 605 2020 Agrius,
628 1936 753 2000 nullam
776 1936 919 2001 arbitror
942 1957 1011 2001 esse
1035 1957 1119 2020 quae
1133 1959 1156 2001 a

106 2029 175 2090 tam
197 2028 270 2090 tota
294 2027 337 2089 sit
360 2025 458 2089 culta.
493 2025 635 2107 primum
657 2047 730 2088 oum
750 2024 838 2089 orbis
861 2028 969 2089 terrae
994 2024 1119 2089 divisus

107 2114 209 2178 sitin
231 2115 311 2178 duas
335 2117 443 2196 partes
467 2113 509 2177 ab
532 2113 749 2178 Eratosthene
772 2134 923 2178 maxume
943 2112 1120 2178 secundum

66 2210 96 2266 -4
105 2206 268 2285 naturam,
294 2201 335 2266 ad
359 2201 527 2266 meridiem
550 2224 661 2266 versus
685 2205 718 2265 et
742 2202 781 2266 ad
805 2200 1062 2284 septemtriones,
1086 2205 1121 2267 et

107 2291 176 2355 sine
200 2290 298 2356 dubio
323 2291 475 2375 quoniam
499 2291 659 2355 salubrior
676 2312 752 2372 pars
772 2290 1048 2374 septemtrionalis
1068 2293 1119 2354 est

106 2402 203 2463 quam
226 2380 417 2463 meridiana,
441 2382 474 2443 et
502 2400 583 2463 quae
607 2379 790 2443 salubriora
813 2379 870 2443 illa
892 2377 1119 2462 fructuosiora,
1132 2399 1157 2442 a

107 2470 216 2553 ibique
236 2468 342 2546 Italia,
365 2468 536 2532 dicendum
560 2467 665 2552 magis
690 2489 762 2532 eam
781 2467 881 2532 fuisse
900 2471 1121 2552 opportunam

107 2556 147 2622 ad
166 2556 337 2622 colendum
352 2577 449 2640 quam
464 2554 587 2639 Asiam,
605 2556 746 2636 primum
765 2555 851 2639 quod
865 2559 915 2620 est
928 2557 964 2620 ia
977 2555 1121 2639 Europa,

107 2644 248 2709 secundo
278 2643 364 2727 quod
395 2643 476 2707 haec
503 2643 712 2725 temperatior
743 2666 820 2727 pars
848 2666 946 2728 quarn
973 2644 1120 2710 interior.

106 2755 182 2798 nam
208 2732 296 2795 intus
319 2752 421 2814 paene
450 2731 665 2813 sempiternae
691 2732 828 2817 hiemes,
860 2754 964 2816 neque
992 2733 1122 2818 mirum,

198 2929 211 2977 1
232 2921 368 2976 aeditimo
383 2922 477 2990 priore
496 2923 553 2978 loco
634 2930 649 2977 3
669 2922 799 2995 Agrium]
818 2922 924 2978 acrium
1008 2929 1024 2977 9
1043 2923 1120 2978 aedi-

104 2996 179 3058 timi,
188 2994 342 3065 (aedituum
359 2994 510 3048 recentiora
528 2995 699 3064 apoprapha)
756 3002 788 3049 11
804 2996 929 3048 nundum
984 2999 1017 3048 13
1032 2993 1121 3049 uultis

107 3066 203 3134 (uoltis
213 3067 271 3120 cod.
285 3063 364 3132 Par.)
421 3064 593 3135 19ecquam]
609 3066 731 3134 etquam
786 3071 821 3120 20
830 3064 928 3134 inquid
982 3068 1121 3120 22erat0-

107 3140 185 3191 stone
204 3135 402 3205 (Erathostene
425 3134 462 3204 V)
525 3140 558 3189 25
577 3138 764 3191 fructuosiora
782 3135 930 3192 dicendum
949 3133 1048 3206 ibique
1065 3137 1121 3191 ita-

105 3209 175 3262 liam
193 3205 285 3274 magis
357 3212 391 3260 26
406 3207 578 3276 ,oportunam
650 3213 683 3262 27
702 3207 733 3262 in
751 3224 801 3262 om.

196 3382 384 3452 acapnum
402 3400 449 3438 mo
520 3383 591 3437 ede
609 3383 707 3440 delevit
723 3384 869 3439 Iucundos
950 3389 982 3437 19
1002 3400 1121 3452 ecquam

111 3453 250 3509 Victorius
321 3459 356 3508 27
374 3453 405 3508 in
423 3470 528 3522 europa
546 3471 573 3507 m
