<?xml version="1.0" encoding="UTF-8"?>
<!DOCTYPE html PUBLIC "-//W3C//DTD XHTML 1.0 Transitional//EN"
    "http://www.w3.org/TR/xhtml1/DTD/xhtml1-transitional.dtd">
<html xmlns="http://www.w3.org/1999/xhtml" xml:lang="en" lang="en">
 <head>
  <title>
</title>
<meta http-equiv="Content-Type" content="text/html;charset=utf-8" />
  <meta name='ocr-system' content='tesseract 3.04.00' />
  <meta name='ocr-capabilities' content='ocr_page ocr_carea ocr_par ocr_line ocrx_word'/>
</head>
<body>
  <div class='ocr_page' id='page_1' title='image "./mterentivarroni00keilgoog/mterentivarroni00keilgoog_0163.png"; bbox 0 0 2452 3938; ppageno 0'>
   <div class='ocr_carea' id='block_1_1' title="bbox 154 162 758 228">
    <p class='ocr_par' dir='ltr' id='par_1_1' title="bbox 154 162 758 228">
     <span class='ocr_line' id='line_1_1' title="bbox 154 162 758 228; baseline 0.003 -12"><span class='ocrx_word' id='word_1_1' title='bbox 154 163 217 228; x_wconf 89' lang='lat'>148</span> <span class='ocrx_word' id='word_1_2' title='bbox 571 162 758 219; x_wconf 83' lang='lat' dir='ltr'><strong>VARRONIS</strong></span> 
     </span>
    </p>
   </div>
   <div class='ocr_carea' id='block_1_2' title="bbox 104 307 1226 3296">
    <p class='ocr_par' dir='ltr' id='par_1_2' title="bbox 122 307 1216 1812">
     <span class='ocr_line' id='line_1_2' title="bbox 151 307 1165 396; baseline 0.005 -23"><span class='ocrx_word' id='word_1_3' title='bbox 151 309 238 374; x_wconf 85' lang='lat' dir='ltr'>enim</span> <span class='ocrx_word' id='word_1_4' title='bbox 261 309 304 391; x_wconf 90' lang='lat' dir='ltr'>id,</span> <span class='ocrx_word' id='word_1_5' title='bbox 326 310 364 372; x_wconf 86' lang='lat' dir='ltr'>ut</span> <span class='ocrx_word' id='word_1_6' title='bbox 386 309 484 390; x_wconf 86' lang='lat' dir='ltr'>eaput</span> <span class='ocrx_word' id='word_1_7' title='bbox 506 308 613 372; x_wconf 90' lang='lat' dir='ltr'>molle.</span> <span class='ocrx_word' id='word_1_8' title='bbox 645 308 674 372; x_wconf 88' lang='lat' dir='ltr'>si</span> <span class='ocrx_word' id='word_1_9' title='bbox 695 307 777 372; x_wconf 87' lang='lat' dir='ltr'>haee</span> <span class='ocrx_word' id='word_1_10' title='bbox 798 308 902 374; x_wconf 86' lang='lat' dir='ltr'>herba</span> <span class='ocrx_word' id='word_1_11' title='bbox 919 331 988 374; x_wconf 90' lang='lat' dir='ltr'>non</span> <span class='ocrx_word' id='word_1_12' title='bbox 1007 315 1069 396; x_wconf 88' lang='lat' dir='ltr'>est,</span> <span class='ocrx_word' id='word_1_13' title='bbox 1093 313 1165 378; x_wconf 89' lang='lat' dir='ltr'>dan-</span> 
     </span>
     <span class='ocr_line' id='line_1_3' title="bbox 151 394 1204 486; baseline 0.006 -25"><span class='ocrx_word' id='word_1_14' title='bbox 151 398 227 462; x_wconf 91' lang='lat' dir='ltr'>dum</span> <span class='ocrx_word' id='word_1_15' title='bbox 251 396 410 462; x_wconf 88' lang='lat' dir='ltr'>hordeum</span> <span class='ocrx_word' id='word_1_16' title='bbox 433 398 490 460; x_wconf 86' lang='lat' dir='ltr'>aut</span> <span class='ocrx_word' id='word_1_17' title='bbox 512 394 713 461; x_wconf 87' lang='lat' dir='ltr'>frumentum</span> <span class='ocrx_word' id='word_1_18' title='bbox 737 397 829 462; x_wconf 90' lang='lat' dir='ltr'>aliut.</span> <span class='ocrx_word' id='word_1_19' title='bbox 868 419 943 463; x_wconf 88' lang='lat' dir='ltr'>eum</span> <span class='ocrx_word' id='word_1_20' title='bbox 966 402 1019 465; x_wconf 90' lang='lat' dir='ltr'>est</span> <span class='ocrx_word' id='word_1_21' title='bbox 1041 404 1163 486; x_wconf 84' lang='lat' dir='ltr'>tempus</span> <span class='ocrx_word' id='word_1_22' title='bbox 1201 462 1204 471; x_wconf 85' lang='lat'>.</span> 
     </span>
     <span class='ocr_line' id='line_1_4' title="bbox 122 483 1163 570; baseline 0.004 -19"><span class='ocrx_word' id='word_1_23' title='bbox 122 485 340 570; x_wconf 74' lang='lat' dir='ltr'>tfarreginis,</span> <span class='ocrx_word' id='word_1_24' title='bbox 373 483 527 569; x_wconf 88' lang='lat' dir='ltr'>dandum,</span> <span class='ocrx_word' id='word_1_25' title='bbox 560 488 598 549; x_wconf 89' lang='lat' dir='ltr'>ut</span> <span class='ocrx_word' id='word_1_26' title='bbox 628 485 663 548; x_wconf 91' lang='lat' dir='ltr'>in</span> <span class='ocrx_word' id='word_1_27' title='bbox 691 484 755 550; x_wconf 90' lang='lat' dir='ltr'>seri</span> <span class='ocrx_word' id='word_1_28' title='bbox 783 485 857 550; x_wconf 92' lang='lat' dir='ltr'>dixi.</span> <span class='ocrx_word' id='word_1_29' title='bbox 903 508 978 551; x_wconf 85' lang='lat' dir='ltr'>eum</span> <span class='ocrx_word' id='word_1_30' title='bbox 1005 489 1163 569; x_wconf 83' lang='lat' dir='ltr'>incubant,</span> 
     </span>
     <span class='ocr_line' id='line_1_5' title="bbox 151 573 1163 662; baseline 0.005 -23"><span class='ocrx_word' id='word_1_31' title='bbox 151 575 310 640; x_wconf 89' lang='lat' dir='ltr'>hordeum</span> <span class='ocrx_word' id='word_1_32' title='bbox 344 573 384 638; x_wconf 91' lang='lat' dir='ltr'>iis</span> <span class='ocrx_word' id='word_1_33' title='bbox 413 573 564 637; x_wconf 89' lang='lat' dir='ltr'>intritum</span> <span class='ocrx_word' id='word_1_34' title='bbox 594 573 629 637; x_wconf 92' lang='lat' dir='ltr'>in</span> <span class='ocrx_word' id='word_1_35' title='bbox 661 595 745 658; x_wconf 90' lang='lat' dir='ltr'>aqua</span> <span class='ocrx_word' id='word_1_36' title='bbox 780 573 1018 657; x_wconf 88' lang='lat' dir='ltr'>adponendum.</span> <span class='ocrx_word' id='word_1_37' title='bbox 1072 578 1163 662; x_wconf 86' lang='lat' dir='ltr'>pullis</span> 
     </span>
     <span class='ocr_line' id='line_1_6' title="bbox 150 661 1216 750; baseline 0.004 -23"><span class='ocrx_word' id='word_1_38' title='bbox 150 663 293 747; x_wconf 90' lang='lat' dir='ltr'>primum</span> <span class='ocrx_word' id='word_1_39' title='bbox 317 661 415 727; x_wconf 89' lang='lat' dir='ltr'>biduo</span> <span class='ocrx_word' id='word_1_40' title='bbox 438 661 572 745; x_wconf 84' lang='lat' dir='ltr'>polenta</span> <span class='ocrx_word' id='word_1_41' title='bbox 596 665 653 725; x_wconf 88' lang='lat' dir='ltr'>aut</span> <span class='ocrx_word' id='word_1_42' title='bbox 675 661 834 726; x_wconf 89' lang='lat' dir='ltr'>hordeum</span> <span class='ocrx_word' id='word_1_43' title='bbox 857 663 1045 750; x_wconf 75' lang='lat' dir='ltr'>adponitur,</span> <span class='ocrx_word' id='word_1_44' title='bbox 1067 667 1187 733; x_wconf 71' lang='lat' dir='ltr'>tribuat</span> <span class='ocrx_word' id='word_1_45' title='bbox 1213 679 1216 717; x_wconf 68' lang='grc' dir='ltr'><strong>ί</strong></span> 
     </span>
     <span class='ocr_line' id='line_1_7' title="bbox 152 749 1163 835; baseline 0.005 -19"><span class='ocrx_word' id='word_1_46' title='bbox 152 752 308 835; x_wconf 84' lang='lat' dir='ltr'>proximis</span> <span class='ocrx_word' id='word_1_47' title='bbox 340 749 537 815; x_wconf 88' lang='lat' dir='ltr'>nasturtium</span> <span class='ocrx_word' id='word_1_48' title='bbox 569 749 672 815; x_wconf 85' lang='lat' dir='ltr'>viride</span> <span class='ocrx_word' id='word_1_49' title='bbox 698 754 886 815; x_wconf 83' lang='lat' dir='ltr'>consertum</span> <span class='ocrx_word' id='word_1_50' title='bbox 912 753 1103 819; x_wconf 75' lang='lat' dir='ltr'>minutatim</span> <span class='ocrx_word' id='word_1_51' title='bbox 1130 776 1163 821; x_wconf 89' lang='lat' dir='ltr'>ex</span> 
     </span>
     <span class='ocr_line' id='line_1_8' title="bbox 152 838 1163 925; baseline 0.004 -19"><span class='ocrx_word' id='word_1_52' title='bbox 152 863 238 925; x_wconf 90' lang='lat' dir='ltr'>aqua</span> <span class='ocrx_word' id='word_1_53' title='bbox 259 841 295 903; x_wconf 88' lang='lat' dir='ltr'>in</span> <span class='ocrx_word' id='word_1_54' title='bbox 317 861 376 904; x_wconf 86' lang='lat' dir='ltr'>vas</span> <span class='ocrx_word' id='word_1_55' title='bbox 396 838 536 923; x_wconf 90' lang='lat' dir='ltr'>aliquod.</span> <span class='ocrx_word' id='word_1_56' title='bbox 564 859 637 903; x_wconf 90' lang='lat' dir='ltr'>eum</span> <span class='ocrx_word' id='word_1_57' title='bbox 656 843 764 904; x_wconf 86' lang='lat' dir='ltr'>autem</span> <span class='ocrx_word' id='word_1_58' title='bbox 783 841 860 903; x_wconf 89' lang='lat' dir='ltr'>sunt</span> <span class='ocrx_word' id='word_1_59' title='bbox 882 839 1003 906; x_wconf 87' lang='lat' dir='ltr'>inelusi</span> <span class='ocrx_word' id='word_1_60' title='bbox 1021 843 1056 906; x_wconf 93' lang='lat' dir='ltr'>in</span> <span class='ocrx_word' id='word_1_61' title='bbox 1073 843 1163 909; x_wconf 88' lang='lat' dir='ltr'>haras</span> 
     </span>
     <span class='ocr_line' id='line_1_9' title="bbox 152 925 1162 1014; baseline 0.002 -20"><span class='ocrx_word' id='word_1_62' title='bbox 152 933 209 995; x_wconf 88' lang='lat' dir='ltr'>aut</span> <span class='ocrx_word' id='word_1_63' title='bbox 237 929 419 1012; x_wconf 85' lang='lat' dir='ltr'>speluncas,</span> <span class='ocrx_word' id='word_1_64' title='bbox 447 932 484 990; x_wconf 90' lang='lat' dir='ltr'>ut</span> <span class='ocrx_word' id='word_1_65' title='bbox 507 925 586 1010; x_wconf 84' lang='lat' dir='ltr'>dixi,</span> <span class='ocrx_word' id='word_1_66' title='bbox 613 927 729 1006; x_wconf 81' lang='lat' dir='ltr'>rioeni,</span> <span class='ocrx_word' id='word_1_67' title='bbox 759 927 907 992; x_wconf 80' lang='lat' dir='ltr'>obiciunt</span> <span class='ocrx_word' id='word_1_68' title='bbox 935 929 978 993; x_wconf 92' lang='lat' dir='ltr'>iis</span> <span class='ocrx_word' id='word_1_69' title='bbox 1001 931 1162 1014; x_wconf 86' lang='lat' dir='ltr'>polentam</span> 
     </span>
     <span class='ocr_line' id='line_1_10' title="bbox 150 1014 1161 1104; baseline 0.002 -21"><span class='ocrx_word' id='word_1_70' title='bbox 150 1017 364 1083; x_wconf 77' lang='lat' dir='ltr'>hordeaceam</span> <span class='ocrx_word' id='word_1_71' title='bbox 379 1020 435 1080; x_wconf 91' lang='lat' dir='ltr'>aut</span> <span class='ocrx_word' id='word_1_72' title='bbox 449 1014 646 1099; x_wconf 86' lang='lat' dir='ltr'>farraginem</span> <span class='ocrx_word' id='word_1_73' title='bbox 663 1015 839 1080; x_wconf 88' lang='lat' dir='ltr'>herbamve</span> <span class='ocrx_word' id='word_1_74' title='bbox 856 1019 1007 1083; x_wconf 85' lang='lat' dir='ltr'>teneram</span> <span class='ocrx_word' id='word_1_75' title='bbox 1027 1020 1161 1104; x_wconf 88' lang='lat' dir='ltr'>aliquam</span> 
     </span>
     <span class='ocr_line' id='line_1_11' title="bbox 122 1102 1215 1189; baseline -0.002 -18"><span class='ocrx_word' id='word_1_76' title='bbox 122 1106 321 1172; x_wconf 73' lang='lat' dir='ltr'>looneisam.</span> <span class='ocrx_word' id='word_1_77' title='bbox 368 1103 408 1168; x_wconf 87' lang='lat' dir='ltr'>ad</span> <span class='ocrx_word' id='word_1_78' title='bbox 436 1102 650 1186; x_wconf 88' lang='lat' dir='ltr'>saginandum</span> <span class='ocrx_word' id='word_1_79' title='bbox 677 1104 802 1189; x_wconf 89' lang='lat' dir='ltr'>eligunt</span> <span class='ocrx_word' id='word_1_80' title='bbox 828 1105 936 1188; x_wconf 91' lang='lat' dir='ltr'>pullos</span> <span class='ocrx_word' id='word_1_81' title='bbox 966 1107 1097 1173; x_wconf 81' lang='lat' dir='ltr'>eireiter</span> <span class='ocrx_word' id='word_1_82' title='bbox 1118 1124 1215 1174; x_wconf 79' lang='lat' dir='ltr'>sen:</span> 
     </span>
     <span class='ocr_line' id='line_1_12' title="bbox 150 1191 1160 1282; baseline 0.005 -25"><span class='ocrx_word' id='word_1_83' title='bbox 150 1193 367 1276; x_wconf 89' lang='lat' dir='ltr'>squimensem</span> <span class='ocrx_word' id='word_1_84' title='bbox 389 1191 445 1275; x_wconf 87' lang='lat' dir='ltr'>qui</span> <span class='ocrx_word' id='word_1_85' title='bbox 469 1196 544 1256; x_wconf 91' lang='lat' dir='ltr'>sunt</span> <span class='ocrx_word' id='word_1_86' title='bbox 566 1192 650 1256; x_wconf 90' lang='lat' dir='ltr'>nati:</span> <span class='ocrx_word' id='word_1_87' title='bbox 673 1213 729 1258; x_wconf 89' lang='lat' dir='ltr'>eos</span> <span class='ocrx_word' id='word_1_88' title='bbox 752 1192 923 1258; x_wconf 83' lang='lat' dir='ltr'>includunt</span> <span class='ocrx_word' id='word_1_89' title='bbox 945 1195 982 1259; x_wconf 91' lang='lat' dir='ltr'>in</span> <span class='ocrx_word' id='word_1_90' title='bbox 1003 1197 1160 1282; x_wconf 79' lang='lat' dir='ltr'>saginatio</span> 
     </span>
     <span class='ocr_line' id='line_1_13' title="bbox 150 1281 1160 1366; baseline 0.004 -21"><span class='ocrx_word' id='word_1_91' title='bbox 150 1281 259 1365; x_wconf 91' lang='lat' dir='ltr'>ibique</span> <span class='ocrx_word' id='word_1_92' title='bbox 295 1282 463 1364; x_wconf 88' lang='lat' dir='ltr'>polentam</span> <span class='ocrx_word' id='word_1_93' title='bbox 501 1284 533 1344; x_wconf 89' lang='lat' dir='ltr'>et</span> <span class='ocrx_word' id='word_1_94' title='bbox 564 1281 721 1365; x_wconf 90' lang='lat' dir='ltr'>pollinem</span> <span class='ocrx_word' id='word_1_95' title='bbox 753 1303 838 1366; x_wconf 87' lang='lat' dir='ltr'>aqua</span> <span class='ocrx_word' id='word_1_96' title='bbox 870 1282 1060 1350; x_wconf 87' lang='lat' dir='ltr'>madefaeta</span> <span class='ocrx_word' id='word_1_97' title='bbox 1090 1286 1160 1351; x_wconf 87' lang='lat' dir='ltr'>dent</span> 
     </span>
     <span class='ocr_line' id='line_1_14' title="bbox 151 1369 1158 1459; baseline 0.004 -24"><span class='ocrx_word' id='word_1_98' title='bbox 151 1371 268 1448; x_wconf 85' lang='lat' dir='ltr'>eibum,</span> <span class='ocrx_word' id='word_1_99' title='bbox 291 1371 339 1434; x_wconf 89' lang='lat' dir='ltr'>ita</span> <span class='ocrx_word' id='word_1_100' title='bbox 361 1375 398 1436; x_wconf 88' lang='lat' dir='ltr'>ut</span> <span class='ocrx_word' id='word_1_101' title='bbox 420 1373 471 1434; x_wconf 91' lang='lat' dir='ltr'>ter</span> <span class='ocrx_word' id='word_1_102' title='bbox 490 1369 541 1434; x_wconf 91' lang='lat' dir='ltr'>die</span> <span class='ocrx_word' id='word_1_103' title='bbox 560 1372 717 1434; x_wconf 86' lang='lat' dir='ltr'>saturent.</span> <span class='ocrx_word' id='word_1_104' title='bbox 753 1370 930 1435; x_wconf 88' lang='lat' dir='ltr'>seeundum</span> <span class='ocrx_word' id='word_1_105' title='bbox 949 1372 1059 1438; x_wconf 85' lang='lat' dir='ltr'>eibum</span> <span class='ocrx_word' id='word_1_106' title='bbox 1076 1374 1158 1459; x_wconf 85' lang='lat' dir='ltr'>large</span> 
     </span>
     <span class='ocr_line' id='line_1_15' title="bbox 151 1459 1157 1541; baseline 0.003 -17"><span class='ocrx_word' id='word_1_107' title='bbox 151 1464 188 1524; x_wconf 92' lang='lat' dir='ltr'>ut</span> <span class='ocrx_word' id='word_1_108' title='bbox 209 1459 324 1524; x_wconf 87' lang='lat' dir='ltr'>bibant</span> <span class='ocrx_word' id='word_1_109' title='bbox 345 1459 471 1524; x_wconf 82' lang='lat' dir='ltr'>faciunt</span> <span class='ocrx_word' id='word_1_110' title='bbox 493 1461 702 1541; x_wconf 87' lang='lat' dir='ltr'>potestatem.</span> <span class='ocrx_word' id='word_1_111' title='bbox 739 1459 785 1523; x_wconf 89' lang='lat' dir='ltr'>sie</span> <span class='ocrx_word' id='word_1_112' title='bbox 808 1460 912 1523; x_wconf 83' lang='lat' dir='ltr'>curati</span> <span class='ocrx_word' id='word_1_113' title='bbox 936 1460 1067 1526; x_wconf 89' lang='lat' dir='ltr'>oireiter</span> <span class='ocrx_word' id='word_1_114' title='bbox 1088 1463 1157 1528; x_wconf 93' lang='lat' dir='ltr'>duo·</span> 
     </span>
     <span class='ocr_line' id='line_1_16' title="bbox 150 1547 1215 1635; baseline -0.004 -23"><span class='ocrx_word' id='word_1_115' title='bbox 150 1549 211 1613; x_wconf 92' lang='lat' dir='ltr'>bus</span> <span class='ocrx_word' id='word_1_116' title='bbox 241 1548 405 1612; x_wconf 84' lang='lat' dir='ltr'>mensibus</span> <span class='ocrx_word' id='word_1_117' title='bbox 432 1547 515 1611; x_wconf 89' lang='lat' dir='ltr'>fiunt</span> <span class='ocrx_word' id='word_1_118' title='bbox 541 1547 688 1630; x_wconf 84' lang='lat' dir='ltr'>pingues.</span> <span class='ocrx_word' id='word_1_119' title='bbox 739 1548 1031 1634; x_wconf 85' lang='lat' dir='ltr'>quotienscumque</span> <span class='ocrx_word' id='word_1_120' title='bbox 1061 1565 1215 1635; x_wconf 77' lang='lat' dir='ltr'>semp-nl</span> 
     </span>
     <span class='ocr_line' id='line_1_17' title="bbox 151 1635 1157 1720; baseline 0.001 -18"><span class='ocrx_word' id='word_1_121' title='bbox 151 1639 272 1720; x_wconf 90' lang='lat' dir='ltr'>serunt,</span> <span class='ocrx_word' id='word_1_122' title='bbox 294 1637 384 1701; x_wconf 87' lang='lat' dir='ltr'>loeus</span> <span class='ocrx_word' id='word_1_123' title='bbox 408 1637 492 1700; x_wconf 92' lang='lat' dir='ltr'>solet</span> <span class='ocrx_word' id='word_1_124' title='bbox 514 1635 657 1720; x_wconf 87' lang='lat' dir='ltr'>purgari,</span> <span class='ocrx_word' id='word_1_125' title='bbox 679 1635 766 1718; x_wconf 92' lang='lat' dir='ltr'>quod</span> <span class='ocrx_word' id='word_1_126' title='bbox 787 1636 904 1720; x_wconf 90' lang='lat' dir='ltr'>[ipsae]</span> <span class='ocrx_word' id='word_1_127' title='bbox 925 1642 1041 1704; x_wconf 91' lang='lat' dir='ltr'>amant</span> <span class='ocrx_word' id='word_1_128' title='bbox 1060 1641 1157 1705; x_wconf 87' lang='lat' dir='ltr'>loeuu</span> 
     </span>
     <span class='ocr_line' id='line_1_18' title="bbox 150 1723 1158 1812; baseline 0.005 -24"><span class='ocrx_word' id='word_1_129' title='bbox 150 1746 267 1808; x_wconf 90' lang='lat' dir='ltr'>purum</span> <span class='ocrx_word' id='word_1_130' title='bbox 286 1745 390 1807; x_wconf 89' lang='lat' dir='ltr'>neque</span> <span class='ocrx_word' id='word_1_131' title='bbox 408 1724 472 1805; x_wconf 91' lang='lat' dir='ltr'>ipsi</span> <span class='ocrx_word' id='word_1_132' title='bbox 490 1723 603 1807; x_wconf 89' lang='lat' dir='ltr'>ullum,</span> <span class='ocrx_word' id='word_1_133' title='bbox 625 1724 682 1789; x_wconf 92' lang='lat' dir='ltr'>ubi</span> <span class='ocrx_word' id='word_1_134' title='bbox 700 1723 842 1808; x_wconf 89' lang='lat' dir='ltr'>fuerunt,</span> <span class='ocrx_word' id='word_1_135' title='bbox 859 1725 1023 1792; x_wconf 83' lang='lat' dir='ltr'>relincunt</span> <span class='ocrx_word' id='word_1_136' title='bbox 1040 1749 1158 1812; x_wconf 89' lang='lat' dir='ltr'>purum.</span> 
     </span>
    </p>

    <p class='ocr_par' dir='ltr' id='par_1_3' title="bbox 104 1811 1222 2255">
     <span class='ocr_line' id='line_1_19' title="bbox 104 1811 1158 1897; baseline 0.005 -22"><span class='ocrx_word' id='word_1_137' title='bbox 104 1827 143 1881; x_wconf 79' lang='lat' dir='ltr'>XI</span> <span class='ocrx_word' id='word_1_138' title='bbox 242 1811 306 1888; x_wconf 77' lang='lat' dir='ltr'>Qui</span> <span class='ocrx_word' id='word_1_139' title='bbox 329 1814 437 1876; x_wconf 87' lang='lat' dir='ltr'>autem</span> <span class='ocrx_word' id='word_1_140' title='bbox 459 1812 574 1875; x_wconf 87' lang='lat' dir='ltr'>volunt</span> <span class='ocrx_word' id='word_1_141' title='bbox 596 1832 711 1897; x_wconf 82' lang='lat' dir='ltr'>greges</span> <span class='ocrx_word' id='word_1_142' title='bbox 731 1812 876 1877; x_wconf 86' lang='lat' dir='ltr'>anatium</span> <span class='ocrx_word' id='word_1_143' title='bbox 894 1813 1018 1880; x_wconf 89' lang='lat' dir='ltr'>habere</span> <span class='ocrx_word' id='word_1_144' title='bbox 1038 1838 1076 1881; x_wconf 85' lang='lat' dir='ltr'>ae</span> <span class='ocrx_word' id='word_1_145' title='bbox 1094 1837 1158 1883; x_wconf 85' lang='lat' dir='ltr'>eon·</span> 
     </span>
     <span class='ocr_line' id='line_1_20' title="bbox 153 1899 1160 1988; baseline 0.004 -22"><span class='ocrx_word' id='word_1_146' title='bbox 153 1901 286 1966; x_wconf 88' lang='lat' dir='ltr'>stituere</span> <span class='ocrx_word' id='word_1_147' title='bbox 299 1899 558 1984; x_wconf 89' lang='lat' dir='ltr'>nessotrophion,</span> <span class='ocrx_word' id='word_1_148' title='bbox 572 1902 714 1984; x_wconf 89' lang='lat' dir='ltr'>primunr</span> <span class='ocrx_word' id='word_1_149' title='bbox 727 1901 844 1984; x_wconf 89' lang='lat' dir='ltr'>loeum,</span> <span class='ocrx_word' id='word_1_150' title='bbox 863 1903 939 1986; x_wconf 90' lang='lat' dir='ltr'>quoi</span> <span class='ocrx_word' id='word_1_151' title='bbox 955 1907 1006 1967; x_wconf 92' lang='lat' dir='ltr'>est</span> <span class='ocrx_word' id='word_1_152' title='bbox 1020 1903 1160 1988; x_wconf 73' lang='lat' dir='ltr'>facultas,</span> 
     </span>
     <span class='ocr_line' id='line_1_21' title="bbox 153 1989 1222 2081; baseline 0.003 -26"><span class='ocrx_word' id='word_1_153' title='bbox 153 1991 275 2076; x_wconf 82' lang='lat' dir='ltr'>eligere</span> <span class='ocrx_word' id='word_1_154' title='bbox 289 1992 419 2073; x_wconf 90' lang='lat' dir='ltr'>oportet</span> <span class='ocrx_word' id='word_1_155' title='bbox 434 1989 623 2072; x_wconf 89' lang='lat' dir='ltr'>palustrem,</span> <span class='ocrx_word' id='word_1_156' title='bbox 641 1990 726 2072; x_wconf 90' lang='lat' dir='ltr'>quod</span> <span class='ocrx_word' id='word_1_157' title='bbox 741 2011 779 2054; x_wconf 90' lang='lat' dir='ltr'>eo</span> <span class='ocrx_word' id='word_1_158' title='bbox 793 1991 934 2055; x_wconf 86' lang='lat' dir='ltr'>maxime</span> <span class='ocrx_word' id='word_1_159' title='bbox 949 1991 1161 2076; x_wconf 77' lang='lat' dir='ltr'>delectantur3</span> <span class='ocrx_word' id='word_1_160' title='bbox 1170 2006 1187 2048; x_wconf 61' lang='grc' dir='ltr'>ὕ</span> <span class='ocrx_word' id='word_1_161' title='bbox 1196 2007 1222 2081; x_wconf 54' lang='lat' dir='ltr'>gl</span> 
     </span>
     <span class='ocr_line' id='line_1_22' title="bbox 154 2077 1204 2162; baseline 0.006 -20"><span class='ocrx_word' id='word_1_162' title='bbox 154 2079 183 2143; x_wconf 91' lang='lat' dir='ltr'>si</span> <span class='ocrx_word' id='word_1_163' title='bbox 205 2079 238 2142; x_wconf 90' lang='lat' dir='ltr'>id</span> <span class='ocrx_word' id='word_1_164' title='bbox 262 2100 338 2161; x_wconf 91' lang='lat' dir='ltr'>non,</span> <span class='ocrx_word' id='word_1_165' title='bbox 362 2078 567 2162; x_wconf 86' lang='lat' dir='ltr'>potissimum</span> <span class='ocrx_word' id='word_1_166' title='bbox 590 2077 644 2161; x_wconf 87' lang='lat' dir='ltr'>ibi,</span> <span class='ocrx_word' id='word_1_167' title='bbox 672 2078 728 2143; x_wconf 91' lang='lat' dir='ltr'>ubi</span> <span class='ocrx_word' id='word_1_168' title='bbox 752 2079 794 2142; x_wconf 89' lang='lat' dir='ltr'>sit</span> <span class='ocrx_word' id='word_1_169' title='bbox 816 2080 976 2144; x_wconf 86' lang='lat' dir='ltr'>naturalis</span> <span class='ocrx_word' id='word_1_170' title='bbox 1000 2085 1062 2147; x_wconf 89' lang='lat' dir='ltr'>aut</span> <span class='ocrx_word' id='word_1_171' title='bbox 1082 2082 1162 2148; x_wconf 79' lang='lat' dir='ltr'>laem</span> <span class='ocrx_word' id='word_1_172' title='bbox 1196 2090 1204 2161; x_wconf 87' lang='grc'>“,</span> 
     </span>
     <span class='ocr_line' id='line_1_23' title="bbox 155 2165 1204 2255; baseline 0.009 -25"><span class='ocrx_word' id='word_1_173' title='bbox 155 2168 212 2230; x_wconf 90' lang='lat' dir='ltr'>aut</span> <span class='ocrx_word' id='word_1_174' title='bbox 241 2170 393 2250; x_wconf 86' lang='lat' dir='ltr'>stagnum</span> <span class='ocrx_word' id='word_1_175' title='bbox 421 2169 477 2230; x_wconf 89' lang='lat' dir='ltr'>aut</span> <span class='ocrx_word' id='word_1_176' title='bbox 505 2188 602 2230; x_wconf 87' lang='lat' dir='ltr'>mauu</span> <span class='ocrx_word' id='word_1_177' title='bbox 630 2165 718 2231; x_wconf 87' lang='lat' dir='ltr'>faeta</span> <span class='ocrx_word' id='word_1_178' title='bbox 745 2167 882 2251; x_wconf 84' lang='lat' dir='ltr'>piscina,</span> <span class='ocrx_word' id='word_1_179' title='bbox 916 2190 980 2253; x_wconf 92' lang='lat' dir='ltr'>quo</span> <span class='ocrx_word' id='word_1_180' title='bbox 1009 2169 1163 2255; x_wconf 81' lang='lat' dir='ltr'>gradatim</span> <span class='ocrx_word' id='word_1_181' title='bbox 1201 2216 1204 2239; x_wconf 83' lang='grc'>.</span> 
     </span>
    </p>

    <p class='ocr_par' dir='ltr' id='par_1_4' title="bbox 125 2255 1226 2782">
     <span class='ocr_line' id='line_1_24' title="bbox 125 2255 1163 2344; baseline 0.002 -24"><span class='ocrx_word' id='word_1_182' title='bbox 125 2255 345 2320; x_wconf 80' lang='lat' dir='ltr'>2deseendere</span> <span class='ocrx_word' id='word_1_183' title='bbox 367 2256 505 2338; x_wconf 87' lang='lat' dir='ltr'>possint.</span> <span class='ocrx_word' id='word_1_184' title='bbox 551 2257 700 2338; x_wconf 87' lang='lat' dir='ltr'>saeptum</span> <span class='ocrx_word' id='word_1_185' title='bbox 728 2256 831 2320; x_wconf 86' lang='lat' dir='ltr'>altum</span> <span class='ocrx_word' id='word_1_186' title='bbox 861 2277 931 2320; x_wconf 87' lang='lat' dir='ltr'>esse</span> <span class='ocrx_word' id='word_1_187' title='bbox 956 2262 1097 2344; x_wconf 87' lang='lat' dir='ltr'>oportet,</span> <span class='ocrx_word' id='word_1_188' title='bbox 1116 2257 1163 2323; x_wconf 89' lang='lat' dir='ltr'>ubi</span> 
     </span>
     <span class='ocr_line' id='line_1_25' title="bbox 155 2342 1205 2428; baseline 0 -19"><span class='ocrx_word' id='word_1_189' title='bbox 155 2347 337 2427; x_wconf 86' lang='lat' dir='ltr'>versentur,</span> <span class='ocrx_word' id='word_1_190' title='bbox 367 2344 407 2409; x_wconf 87' lang='lat' dir='ltr'>ad</span> <span class='ocrx_word' id='word_1_191' title='bbox 430 2343 527 2428; x_wconf 90' lang='lat' dir='ltr'>pedes</span> <span class='ocrx_word' id='word_1_192' title='bbox 551 2342 748 2428; x_wconf 83' lang='lat' dir='ltr'>quindecim,</span> <span class='ocrx_word' id='word_1_193' title='bbox 781 2346 818 2408; x_wconf 90' lang='lat' dir='ltr'>ut</span> <span class='ocrx_word' id='word_1_194' title='bbox 844 2343 972 2410; x_wconf 84' lang='lat' dir='ltr'>vidistis</span> <span class='ocrx_word' id='word_1_195' title='bbox 996 2348 1039 2411; x_wconf 90' lang='lat' dir='ltr'>ad</span> <span class='ocrx_word' id='word_1_196' title='bbox 1062 2348 1163 2413; x_wconf 83' lang='lat' dir='ltr'>villan</span> <span class='ocrx_word' id='word_1_197' title='bbox 1201 2366 1205 2409; x_wconf 75' lang='grc' dir='ltr'><strong>ι</strong></span> 
     </span>
     <span class='ocr_line' id='line_1_26' title="bbox 156 2431 1226 2520; baseline 0.001 -21"><span class='ocrx_word' id='word_1_198' title='bbox 156 2432 218 2517; x_wconf 82' lang='lat' dir='ltr'>Sei,</span> <span class='ocrx_word' id='word_1_199' title='bbox 242 2433 327 2518; x_wconf 92' lang='lat' dir='ltr'>quod</span> <span class='ocrx_word' id='word_1_200' title='bbox 345 2455 411 2499; x_wconf 94' lang='lat' dir='ltr'>uno</span> <span class='ocrx_word' id='word_1_201' title='bbox 431 2433 515 2498; x_wconf 83' lang='lat' dir='ltr'>ostio</span> <span class='ocrx_word' id='word_1_202' title='bbox 534 2431 712 2497; x_wconf 81' lang='lat' dir='ltr'>claudatur.</span> <span class='ocrx_word' id='word_1_203' title='bbox 748 2432 869 2497; x_wconf 88' lang='lat' dir='ltr'>oiroum</span> <span class='ocrx_word' id='word_1_204' title='bbox 887 2435 994 2498; x_wconf 87' lang='lat' dir='ltr'>totum</span> <span class='ocrx_word' id='word_1_205' title='bbox 1014 2437 1189 2520; x_wconf 62' lang='lat' dir='ltr'>parietemfl</span> <span class='ocrx_word' id='word_1_206' title='bbox 1211 2446 1226 2484; x_wconf 86' lang='lat'><em>·</em></span> 
     </span>
     <span class='ocr_line' id='line_1_27' title="bbox 155 2520 1163 2608; baseline 0.002 -22"><span class='ocrx_word' id='word_1_207' title='bbox 155 2522 348 2587; x_wconf 83' lang='lat' dir='ltr'>intrinsecus</span> <span class='ocrx_word' id='word_1_208' title='bbox 379 2521 508 2604; x_wconf 85' lang='lat' dir='ltr'>crepido</span> <span class='ocrx_word' id='word_1_209' title='bbox 536 2521 616 2605; x_wconf 88' lang='lat' dir='ltr'>lata,</span> <span class='ocrx_word' id='word_1_210' title='bbox 650 2520 686 2584; x_wconf 91' lang='lat' dir='ltr'>in</span> <span class='ocrx_word' id='word_1_211' title='bbox 714 2543 777 2605; x_wconf 90' lang='lat' dir='ltr'>qua</span> <span class='ocrx_word' id='word_1_212' title='bbox 806 2521 980 2587; x_wconf 89' lang='lat' dir='ltr'>seeundum</span> <span class='ocrx_word' id='word_1_213' title='bbox 1011 2525 1163 2608; x_wconf 85' lang='lat' dir='ltr'>parietem</span> 
     </span>
     <span class='ocr_line' id='line_1_28' title="bbox 157 2610 1163 2678; baseline 0.005 -4"><span class='ocrx_word' id='word_1_214' title='bbox 157 2611 223 2675; x_wconf 87' lang='lat' dir='ltr'>sint</span> <span class='ocrx_word' id='word_1_215' title='bbox 254 2614 342 2675; x_wconf 82' lang='lat' dir='ltr'>tecta</span> <span class='ocrx_word' id='word_1_216' title='bbox 377 2611 510 2674; x_wconf 86' lang='lat' dir='ltr'>cubilia:</span> <span class='ocrx_word' id='word_1_217' title='bbox 547 2613 623 2673; x_wconf 90' lang='lat' dir='ltr'>ante</span> <span class='ocrx_word' id='word_1_218' title='bbox 651 2630 690 2673; x_wconf 89' lang='lat' dir='ltr'>ea</span> <span class='ocrx_word' id='word_1_219' title='bbox 717 2610 914 2674; x_wconf 86' lang='lat' dir='ltr'>vestibulum</span> <span class='ocrx_word' id='word_1_220' title='bbox 942 2632 1057 2678; x_wconf 89' lang='lat' dir='ltr'>earum</span> <span class='ocrx_word' id='word_1_221' title='bbox 1084 2632 1163 2678; x_wconf 76' lang='lat' dir='ltr'>exae</span> 
     </span>
     <span class='ocr_line' id='line_1_29' title="bbox 157 2698 1163 2782; baseline 0.005 -22"><span class='ocrx_word' id='word_1_222' title='bbox 157 2702 291 2780; x_wconf 88' lang='lat' dir='ltr'>quatum</span> <span class='ocrx_word' id='word_1_223' title='bbox 311 2698 448 2762; x_wconf 87' lang='lat' dir='ltr'>tectorio</span> <span class='ocrx_word' id='word_1_224' title='bbox 469 2719 563 2780; x_wconf 92' lang='lat' dir='ltr'>opere</span> <span class='ocrx_word' id='word_1_225' title='bbox 581 2700 737 2762; x_wconf 80' lang='lat' dir='ltr'>testaceo.</span> <span class='ocrx_word' id='word_1_226' title='bbox 759 2699 794 2761; x_wconf 92' lang='lat' dir='ltr'>in</span> <span class='ocrx_word' id='word_1_227' title='bbox 813 2720 851 2762; x_wconf 93' lang='lat' dir='ltr'>eo</span> <span class='ocrx_word' id='word_1_228' title='bbox 867 2704 1027 2782; x_wconf 89' lang='lat' dir='ltr'>perpetua</span> <span class='ocrx_word' id='word_1_229' title='bbox 1041 2701 1163 2781; x_wconf 78' lang='lat' dir='ltr'>canalis,</span> 
     </span>
    </p>

    <p class='ocr_par' dir='ltr' id='par_1_5' title="bbox 156 2785 1163 2874">
     <span class='ocr_line' id='line_1_30' title="bbox 156 2785 1163 2874; baseline 0.003 -26"><span class='ocrx_word' id='word_1_230' title='bbox 156 2786 191 2849; x_wconf 91' lang='lat' dir='ltr'>in</span> <span class='ocrx_word' id='word_1_231' title='bbox 219 2808 315 2869; x_wconf 89' lang='lat' dir='ltr'>quam</span> <span class='ocrx_word' id='word_1_232' title='bbox 343 2792 376 2849; x_wconf 89' lang='lat' dir='ltr'>et</span> <span class='ocrx_word' id='word_1_233' title='bbox 403 2787 494 2850; x_wconf 86' lang='lat' dir='ltr'>cibus</span> <span class='ocrx_word' id='word_1_234' title='bbox 526 2785 694 2869; x_wconf 90' lang='lat' dir='ltr'>inponitur</span> <span class='ocrx_word' id='word_1_235' title='bbox 724 2785 766 2850; x_wconf 93' lang='lat' dir='ltr'>iis</span> <span class='ocrx_word' id='word_1_236' title='bbox 801 2790 834 2850; x_wconf 93' lang='lat' dir='ltr'>et</span> <span class='ocrx_word' id='word_1_237' title='bbox 864 2787 1044 2855; x_wconf 87' lang='lat' dir='ltr'>inmittitur</span> <span class='ocrx_word' id='word_1_238' title='bbox 1076 2808 1163 2874; x_wconf 86' lang='lat' dir='ltr'>aqua:</span> 
     </span>
    </p>

    <p class='ocr_par' dir='ltr' id='par_1_6' title="bbox 248 2940 1163 3014">
     <span class='ocr_line' id='line_1_31' title="bbox 248 2940 1163 3014; baseline 0.005 -19"><span class='ocrx_word' id='word_1_239' title='bbox 248 2948 261 2995; x_wconf 92' lang='lat'>1</span> <span class='ocrx_word' id='word_1_240' title='bbox 282 2940 349 2996; x_wconf 86' lang='lat' dir='ltr'>arba</span> <span class='ocrx_word' id='word_1_241' title='bbox 403 2947 419 2995; x_wconf 89' lang='lat'><strong>3</strong></span> <span class='ocrx_word' id='word_1_242' title='bbox 438 2941 468 2995; x_wconf 89' lang='lat' dir='ltr'>in</span> <span class='ocrx_word' id='word_1_243' title='bbox 486 2941 552 2996; x_wconf 89' lang='lat' dir='ltr'>serii</span> <span class='ocrx_word' id='word_1_244' title='bbox 569 2941 679 3010; x_wconf 90' lang='lat' dir='ltr'>(inserit</span> <span class='ocrx_word' id='word_1_245' title='bbox 697 2944 859 3013; x_wconf 73' lang='lat' dir='ltr'>apoprapba</span> <span class='ocrx_word' id='word_1_246' title='bbox 876 2946 1040 3014; x_wconf 77' lang='lat' dir='ltr'>recentiora)</span> <span class='ocrx_word' id='word_1_247' title='bbox 1091 2953 1163 3001; x_wconf 75' lang='lat' dir='ltr'>aaa·</span> 
     </span>
    </p>

    <p class='ocr_par' dir='ltr' id='par_1_7' title="bbox 158 3011 1164 3099">
     <span class='ocr_line' id='line_1_32' title="bbox 158 3011 1164 3099; baseline 0 -32"><span class='ocrx_word' id='word_1_248' title='bbox 158 3011 291 3096; x_wconf 80' lang='lat' dir='ltr'>sturoium</span> <span class='ocrx_word' id='word_1_249' title='bbox 325 3012 474 3093; x_wconf 33' lang='lat' dir='ltr'>,8uieini</span> <span class='ocrx_word' id='word_1_250' title='bbox 502 3083 509 3095; x_wconf 96' lang='lat'>.</span> <span class='ocrx_word' id='word_1_251' title='bbox 539 3018 572 3095; x_wconf 80' lang='lat'>¹.⁰</span> <span class='ocrx_word' id='word_1_252' title='bbox 591 3013 780 3095; x_wconf 76' lang='lat' dir='ltr'>sesquimense</span> <span class='ocrx_word' id='word_1_253' title='bbox 800 3015 931 3097; x_wconf 77' lang='lat' dir='ltr'>quisunt</span> <span class='ocrx_word' id='word_1_254' title='bbox 947 3019 1018 3072; x_wconf 86' lang='lat' dir='ltr'>natu</span> <span class='ocrx_word' id='word_1_255' title='bbox 1080 3024 1113 3099; x_wconf 70' lang='lat' dir='ltr'>tl}</span> <span class='ocrx_word' id='word_1_256' title='bbox 1128 3018 1164 3096; x_wconf 76' lang='lat' dir='ltr'>ter</span> 
     </span>
    </p>

    <p class='ocr_par' dir='ltr' id='par_1_8' title="bbox 157 3083 1185 3296">
     <span class='ocr_line' id='line_1_33' title="bbox 157 3083 1185 3238; baseline 0.001 -28"><span class='ocrx_word' id='word_1_257' title='bbox 157 3083 1185 3238; x_wconf 54' lang='lat' dir='ltr'>lrle110dl3l0a11..alleatoaare</span> 
     </span>
     <span class='ocr_line' id='line_1_34' title="bbox 157 3228 504 3296; baseline -0.009 -15"><span class='ocrx_word' id='word_1_258' title='bbox 157 3229 205 3281; x_wconf 91' lang='lat' dir='ltr'>tur</span> <span class='ocrx_word' id='word_1_259' title='bbox 222 3228 269 3296; x_wconf 82' lang='lat' dir='ltr'>ris]</span> <span class='ocrx_word' id='word_1_260' title='bbox 288 3228 403 3295; x_wconf 82' lang='lat' dir='ltr'>ponitur</span> <span class='ocrx_word' id='word_1_261' title='bbox 420 3244 449 3279; x_wconf 85' lang='lat' dir='ltr'>in</span> <span class='ocrx_word' id='word_1_262' title='bbox 467 3242 504 3279; x_wconf 82' lang='lat' dir='ltr'>ris</span> 
     </span>
    </p>
   </div>
   <div class='ocr_carea' id='block_1_3' title="bbox 159 3319 347 3328">
    <p class='ocr_par' dir='ltr' id='par_1_9' title="bbox 159 3319 347 3328">
     <span class='ocr_line' id='line_1_35' title="bbox 159 3319 347 3328; baseline 0 -2"><span class='ocrx_word' id='word_1_263' title='bbox 159 3319 321 3328; x_wconf 41' lang='grc' dir='ltr'>μ...-</span> <span class='ocrx_word' id='word_1_264' title='bbox 324 3321 347 3326; x_wconf 84' lang='grc'>...</span> 
     </span>
    </p>
   </div>
   <div class='ocr_carea' id='block_1_4' title="bbox 76 3366 1165 3570">
    <p class='ocr_par' dir='ltr' id='par_1_10' title="bbox 76 3366 1165 3570">
     <span class='ocr_line' id='line_1_36' title="bbox 250 3366 1165 3440; baseline 0.001 -18"><span class='ocrx_word' id='word_1_265' title='bbox 250 3374 282 3422; x_wconf 83' lang='grc'>13</span> <span class='ocrx_word' id='word_1_266' title='bbox 306 3368 349 3422; x_wconf 88' lang='lat' dir='ltr'>ter</span> <span class='ocrx_word' id='word_1_267' title='bbox 372 3366 418 3422; x_wconf 87' lang='lat' dir='ltr'>die</span> <span class='ocrx_word' id='word_1_268' title='bbox 438 3366 587 3423; x_wconf 70' lang='lat' dir='ltr'>Columella</span> <span class='ocrx_word' id='word_1_269' title='bbox 610 3367 699 3421; x_wconf 90' lang='lat' dir='ltr'><strong><em>VIII</em></strong></span> <span class='ocrx_word' id='word_1_270' title='bbox 714 3373 764 3435; x_wconf 75' lang='lat'>14,</span> <span class='ocrx_word' id='word_1_271' title='bbox 788 3373 822 3423; x_wconf 88' lang='lat'>11</span> <span class='ocrx_word' id='word_1_272' title='bbox 897 3375 929 3424; x_wconf 81' lang='grc'>17</span> <span class='ocrx_word' id='word_1_273' title='bbox 954 3369 1011 3440; x_wconf 89' lang='lat' dir='ltr'>ipsi</span> <span class='ocrx_word' id='word_1_274' title='bbox 1028 3369 1165 3428; x_wconf 62' lang='lat' dir='ltr'>namn</span> 
     </span>
     <span class='ocr_line' id='line_1_37' title="bbox 157 3437 1165 3498; baseline 0.003 -8"><span class='ocrx_word' id='word_1_275' title='bbox 157 3438 490 3495; x_wconf 64' lang='lat' dir='ltr'>landesmara.</span> <span class='ocrx_word' id='word_1_276' title='bbox 565 3439 717 3492; x_wconf 71' lang='lat' dir='ltr'>aruinam</span> <span class='ocrx_word' id='word_1_277' title='bbox 736 3437 782 3494; x_wconf 84' lang='lat' dir='ltr'>Sei</span> <span class='ocrx_word' id='word_1_278' title='bbox 801 3441 949 3497; x_wconf 64' lang='lat' dir='ltr'>Iracundus</span> <span class='ocrx_word' id='word_1_279' title='bbox 1020 3447 1055 3496; x_wconf 75' lang='lat'>2⁷</span> <span class='ocrx_word' id='word_1_280' title='bbox 1074 3440 1165 3498; x_wconf 65' lang='lat' dir='ltr'>unta</span> 
     </span>
     <span class='ocr_line' id='line_1_38' title="bbox 76 3510 796 3570; baseline 0.006 -10"><span class='ocrx_word' id='word_1_281' title='bbox 76 3517 79 3522; x_wconf 88' lang='grc'><strong>’</strong></span> <span class='ocrx_word' id='word_1_282' title='bbox 144 3514 186 3562; x_wconf 83' lang='lat'>27</span> <span class='ocrx_word' id='word_1_283' title='bbox 199 3510 270 3566; x_wconf 87' lang='lat' dir='ltr'>ante</span> <span class='ocrx_word' id='word_1_284' title='bbox 289 3527 325 3568; x_wconf 89' lang='lat' dir='ltr'>ea</span> <span class='ocrx_word' id='word_1_285' title='bbox 342 3512 498 3570; x_wconf 69' lang='lat' dir='ltr'>Iracundus</span> <span class='ocrx_word' id='word_1_286' title='bbox 571 3515 606 3566; x_wconf 64' lang='grc' dir='ltr'>*λθ</span> <span class='ocrx_word' id='word_1_287' title='bbox 624 3510 752 3567; x_wconf 71' lang='lat' dir='ltr'>testaceo</span> <span class='ocrx_word' id='word_1_288' title='bbox 768 3526 796 3565; x_wconf 88' lang='lat' dir='ltr'>o.</span> 
     </span>
    </p>
   </div>
   <div class='ocr_carea' id='block_1_5' title="bbox 0 0 1247 3938">
    <p class='ocr_par' dir='ltr' id='par_1_11' title="bbox 0 0 1247 3938">
     <span class='ocr_line' id='line_1_39' title="bbox 0 0 1247 3938; baseline 0 0"><span class='ocrx_word' id='word_1_289' title='bbox 0 0 1247 3938; x_wconf 95' lang='lat' dir='ltr'> </span> 
     </span>
    </p>
   </div>
  </div>
 </body>
</html>
