2452 3938
271 155 401 209 RERVM
420 154 656 210 RVSTICARVM
675 155 743 210 LIB.
758 155 795 209 ΙΙΙ
811 162 880 210 2-3
1009 155 1071 219 129

55 322 165 383 unam,
187 300 222 363 in
246 321 309 383 qua
332 303 382 363 est
400 321 478 384 aper
497 321 613 384 caprea
631 301 737 384 lepus3
761 300 865 364 altera
883 301 962 364 item
981 304 1072 365 extra

55 389 168 454 villam
192 409 274 472 quae
298 391 385 466 sunt,
416 392 453 452 ut
476 411 552 472 apes
576 389 725 452 cochleae
749 389 857 473 glires,
903 390 992 454 tertii
1017 395 1102 474 gor

54 477 144 542 neris
169 476 323 560 aquatilis
346 477 424 540 item
449 477 570 560 species
592 477 681 559 duae,
705 477 826 561 partim
846 477 931 562 quod
950 478 1072 542 habent

54 565 162 650 pisces
185 565 219 628 in
244 587 329 649 aqua
352 565 446 648 dulci,
468 566 589 648 partim
613 565 698 650 quod
722 567 755 630 in
779 567 912 631 marina.
958 566 997 630 de
1020 566 1071 629 his

30 676 113 727 aser
135 653 286 738 partibus
311 653 351 717 ad
375 655 440 718 ista
463 653 527 717 tria
551 673 671 737 genera
693 655 765 718 item
786 656 849 718 triu
864 675 977 736 genera
995 655 1072 718 arti-

54 743 150 807 ficum
181 742 340 827 paranda,
369 763 508 826 aucupes
531 747 701 806 venatores
728 744 921 826 piscatores,
950 747 1006 807 aut
1028 745 1071 808 ab

54 832 95 897 iis
124 830 260 895 emenda
287 852 370 915 quae
397 834 527 894 tuorum
556 853 723 896 servorum
751 831 920 915 diligentia
949 833 1069 896 tuearis

53 919 90 983 in
115 919 225 983 fetura
252 919 292 984 ad
321 923 435 1003 partus
460 923 493 983 et
515 923 593 983 nata
616 920 777 984 nutricere
796 920 1009 1005 saginaeque,
1037 922 1071 984 in

54 1007 228 1072 macellum
256 1012 293 1072 ut
315 1008 514 1090 perveniant.
559 1029 663 1093 neque
691 1030 758 1073 non
785 1009 884 1073 etiam
912 1008 1070 1092 quaedam

16 1129 40 1168 10
54 1095 255 1161 adsumenda
286 1096 320 1159 in
352 1095 464 1159 villam
494 1096 564 1160 sine
594 1097 717 1161 retibus
747 1099 878 1180 aucupis
906 1097 1071 1162 venatoris

52 1185 243 1269 piscatoris,
269 1187 308 1248 ut
338 1185 437 1268 glires
465 1185 605 1248 cochlias
634 1185 784 1270 gallinas·
830 1208 940 1250 earum
963 1187 1101 1250 rerum5

55 1274 184 1337 cultura
207 1273 360 1337 instituta
384 1273 489 1357 prima
511 1294 550 1337 ea
573 1295 655 1357 quae
678 1274 713 1337 in
731 1274 809 1337 villa
828 1274 980 1339 habetur:
1005 1297 1071 1340 non

54 1362 142 1426 enim
167 1361 273 1426 solum
297 1381 435 1445 augures
454 1360 595 1425 Romani
618 1361 657 1425 ad
681 1363 828 1444 auspicia
851 1362 991 1444 primum
1016 1385 1072 1445 pa-

54 1453 171 1514 rarunt
188 1450 305 1533 pullos,
325 1449 380 1514 sed
399 1451 498 1513 etiam
516 1453 626 1532 patres
645 1450 790 1513 familiae
809 1471 891 1514 rure.
923 1451 1071 1528 secunda,

16 1569 41 1611 15
55 1559 140 1623 quae
163 1539 302 1602 macerie
325 1538 364 1601 ad
389 1539 503 1602 villam
523 1538 704 1602 venationis
728 1559 826 1602 causa
849 1538 1021 1609 cluduntur
1040 1542 1072 1602 et

53 1630 189 1712 propter
208 1627 342 1691 alvaria:
380 1648 457 1710 apes
477 1627 564 1690 enim
583 1627 696 1691 subter
714 1626 896 1711 sugrundas
916 1626 957 1690 ab
977 1627 1071 1691 initio
1159 1620 1161 1628 '

53 1715 200 1780 villatico
220 1737 297 1778 usae
315 1718 412 1780 tecto.
435 1716 557 1780 tertiae
571 1716 713 1798 piscinae
729 1715 837 1780 dulces
852 1716 923 1780 fieri
937 1719 1072 1798 coeptae

54 1806 89 1867 et
112 1803 337 1868 efiuminibus
356 1806 470 1886 captos
489 1825 636 1886 recepere
657 1805 696 1868 ad
716 1826 750 1868 se
768 1805 883 1887 pisces.
920 1804 1101 1869 omnibus6

53 1891 161 1957 tribus
180 1891 230 1956 his
251 1892 423 1977 generibus
443 1895 519 1956 sunt
537 1893 607 1957 bini
625 1892 755 1977 gradus,
779 1893 971 1977 superiores,
990 1915 1071 1976 quos

17 1981 228 2066 afrugalitas
257 1981 407 2064 antiqua,
433 1980 618 2064 inferiores,
647 2003 727 2064 quos
755 1981 883 2044 luxuria
911 1981 1072 2063 posterior

55 2069 183 2136 adiecit
234 2070 358 2152 primus
392 2069 479 2133 enim
510 2069 566 2132 ille
600 2068 719 2153 gradus
753 2069 879 2132 anticus
913 2069 1072 2132 maiorum

54 2161 205 2223 nostrum
232 2163 315 2241 erat,
348 2158 382 2221 in
417 2179 481 2241 quo
512 2162 620 2220 essent
648 2156 772 2222 aviaria
799 2157 862 2221 duo
891 2156 1072 2221 dumtaxat:

55 2246 91 2310 in
108 2246 208 2330 plano
228 2246 353 2329 cohors,
372 2247 406 2310 in
425 2267 489 2329 qua
506 2245 723 2329 pascebantur
743 2244 895 2330 gallinae,
914 2248 947 2308 et
962 2267 1072 2309 earum

15 2372 27 2399 ο
56 2335 182 2399 fructus
205 2339 277 2399 erat
299 2357 360 2399 ova
384 2338 416 2398 et
438 2333 533 2418 pulli3
554 2333 641 2397 alter
664 2333 821 2411 sublimis,
844 2335 960 2415 inquo
980 2336 1073 2396 erant

19 2454 45 2494 25
59 2422 225 2488 columbae
253 2424 287 2487 in
313 2422 458 2487 turribus
489 2425 546 2486 aut
569 2444 697 2486 summa
719 2421 806 2486 villa.
852 2425 965 2485 contra
987 2441 1072 2484 nune

59 2509 181 2575 aviaria
200 2515 276 2576 sunt
293 2506 423 2576 nomine
442 2514 576 2593 mutato,
595 2511 680 2594 quod
699 2513 856 2575 vocantur
874 2507 1102 2586 ornithonas?

57 2621 140 2684 quae
166 2600 313 2683 palatum
344 2622 440 2664 suave
464 2600 587 2665 domini
610 2599 817 2683 paravit„ut
839 2602 926 2662 tecta
949 2597 1073 2661 maiora

55 2689 214 2771 habeant,
243 2711 339 2773 quam
366 2693 436 2752 tum
464 2688 630 2752 habebant
652 2691 740 2752 totas
763 2688 866 2765 villas,
897 2687 1072 2771 inquibus

57 2777 263 2841 stabulentur
285 2777 372 2842 turdi
395 2799 433 2842 ac
456 2798 608 2860 pavones.
641 2777 743 2841 sicin
768 2776 907 2841 secunda
930 2776 1017 2860 parti
1036 2777 1102 2840 acss

148 2934 278 3004 lcapria
349 2935 469 3005 aquae]
490 2933 538 3001 qui
617 2933 728 2988 cocleae
748 2933 891 3003 (cochleae
911 2928 1073 3002 apographa
1130 2942 1133 2946 ·

54 3004 205 3074 noaaalta)
277 3003 380 3058 bitem
403 3005 459 3058 tria
482 3019 586 3072 genera
604 3021 655 3060 om.
729 3004 825 3073 baut]
844 3005 877 3058 ut
949 3001 1072 3058 8nutri·

56 3089 121 3129 cate
147 3074 310 3144 saginisque
383 3075 553 3144 9peruiant
627 3080 658 3128 17
677 3073 822 3127 uillaticae
897 3079 929 3126 18
949 3073 1073 3140 recipere

56 3151 88 3198 21
110 3146 244 3214 antiquus
263 3146 384 3216 (anticus
403 3147 460 3200 cod.
477 3145 557 3213 Por.)
599 3149 633 3198 27
652 3142 771 3211 domini]
791 3144 895 3198 donum
932 3149 966 3196 28
984 3141 1073 3213 totas]

55 3217 133 3270 tutas
207 3222 242 3270 29
259 3217 335 3284 parti
353 3217 445 3287 (parte
468 3215 505 3284 V)

149 3362 164 3410 1
188 3374 290 3427 caprea
312 3375 328 3412 o
401 3363 508 3425 aquae
533 3357 599 3411 sunt
620 3357 679 3411 cod.
700 3354 767 3410 Par.
842 3360 857 3407 6
882 3354 933 3406 aut
951 3353 1074 3421 Scaliger

57 3427 244 3484 B'nutricere
270 3429 393 3499 Scaliger
485 3426 653 3498 saginaeque
680 3444 697 3482 o
788 3430 804 3479 9
832 3424 1000 3494 perueniant
1026 3439 1073 3478 mu

58 3504 90 3554 1⁷
106 3499 235 3555 uillatico
248 3517 297 3554 mo
336 3505 369 3554 18
384 3516 514 3571 recepere
524 3500 670 3557 Iaouadus
706 3503 738 3553 ‘n
756 3495 896 3552 dominio
929 3497 1089 3548 nauatam

110 3600 196 3638 Vasco
209 3608 263 3639 aaa.
278 3610 347 3642 nvsr.
924 3586 946 3631 ‘b
