2452 3938
118 157 182 223 136
465 155 468 160 ’
523 154 708 211 VARRONIS

115 303 258 368 athletae
283 303 487 367 comitiorum
511 302 603 382 [ima]
623 322 695 365 cum
714 299 748 364 id
766 299 837 364 fieri
854 322 923 365 non
941 301 1131 366 miraremur

114 396 249 474 propter
271 391 379 455 studia
404 391 658 475 suffragatorum
682 392 715 452 et
737 393 846 453 tamen
866 388 949 454 scire
968 389 1131 472 vellemus,

117 480 194 563 quid
218 483 319 563 esset,
346 480 438 543 venit
461 479 501 543 ad
523 500 583 542 nos
607 476 798 542 Pantuleius
821 477 932 560 Parra,
954 481 1071 542 narrat
1095 478 1131 542 ad

115 569 273 650 tabulam,
301 589 374 632 oum
402 567 587 648 diriberent,
618 566 778 650 quendam
806 566 1002 650 deprensum
1032 569 1130 632 tesse·

114 657 204 721 rulas
223 656 412 721 coicientem
430 656 466 720 in
484 655 636 737 loculum,
656 676 728 718 eum
748 654 787 718 ad
807 655 976 720 consulem
990 658 1130 719 tractum
1150 683 1159 725 r

116 767 135 808 a
171 745 352 809 fautoribus
380 745 628 828 conpetitorum.
679 742 766 808 Pavo
795 743 916 828 surgit,
944 742 1036 828 ,quod
1066 744 1130 808 eius

116 833 278 897 candidati
302 836 411 897 custos
435 833 602 897 dicebatur
625 832 809 914 deprensus.

68 936 108 991 VI
204 921 320 1004 Axius,
348 920 398 985 De
424 920 620 1005 pavonibus,
654 919 774 1004 inquit,
800 919 901 984 libere
929 920 1009 986 licet
1037 919 1131 1004 dicas,

115 1011 267 1093 quoniam
291 1009 440 1073 discessit
462 1008 649 1090 Fircellius,
673 1008 742 1092 qui,
765 1029 855 1072 secus
879 1007 989 1092 siquid
1012 1008 1130 1074 diceres

115 1098 153 1161 de
182 1098 235 1176 iis,
269 1096 465 1180 gentilitatis
498 1119 595 1162 eausa
624 1096 764 1161 fortasse
794 1118 837 1161 an
863 1099 974 1161 tecum
1003 1098 1161 1166 duceretrc

115 1207 247 1249 serram.
294 1184 378 1261 Quoi
401 1184 535 1270 Merula,
558 1184 607 1249 De
630 1186 812 1268 pavonibus
830 1189 944 1250 nostra
964 1187 1129 1269 memoria,

115 1274 229 1357 inquit,
257 1294 371 1358 greges
394 1274 509 1339 haberi
532 1273 640 1357 coepti
663 1278 696 1337 et
718 1274 829 1338 venire
852 1294 983 1358 magno.
1031 1296 1072 1339 ex
1094 1274 1128 1338 iis

114 1361 157 1426 M.
182 1362 329 1426 Aufidius
354 1362 458 1429 Lurco
483 1385 580 1447 supra
604 1382 766 1446 sexagena
788 1362 878 1426 milia
901 1384 1074 1427 nummum
1099 1364 1129 1427 in

115 1473 200 1515 anno
230 1451 347 1515 dieitur
375 1473 497 1535 capere.
543 1452 566 1515 ii
595 1451 761 1533 aliquanto
789 1451 959 1534 pauciores
985 1472 1057 1516 esse
1081 1451 1128 1516 de-

115 1540 193 1604 bent
216 1562 320 1604 mares
344 1561 440 1623 quam
462 1541 619 1624 feminae,
642 1538 670 1602 si
694 1539 735 1603 ad
757 1539 899 1604 fructum
923 1544 1068 1626 spectes;
1103 1540 1158 1608 sia

86 1629 157 1692 2ad
181 1628 437 1712 delectationem,
461 1632 588 1693 contra:
624 1626 800 1692 formosior
822 1628 909 1692 enim
933 1649 1014 1693 mas.
1060 1650 1126 1712 pas

116 1715 207 1781 cendi
236 1735 351 1799 greges
380 1721 535 1800 agrestes.
579 1715 790 1780 transmarini
817 1736 888 1780 esse
916 1716 1070 1781 dicuntur
1097 1718 1128 1782 in

115 1803 244 1888 insulis,
277 1801 367 1868 Sami
394 1805 428 1868 in
452 1805 525 1869 luco
549 1803 696 1886 Iunonis,
727 1804 806 1868 item
831 1805 865 1867 in
890 1804 1048 1869 Planasia
1072 1806 1126 1887 [in]

115 1891 223 1956 insula
241 1891 284 1956 M.
298 1890 435 1957 Pisonis.
462 1892 497 1955 hi
517 1892 557 1957 ad
576 1913 690 1977 greges
710 1893 953 1957 constituendos
973 1897 1127 1977 parantur

89 1988 93 1995 “
116 1981 202 2045 bona
226 1983 331 2046 aetate
355 1983 387 2045 et
411 1981 496 2045 hona
518 1980 632 2046 forma.
650 2029 652 2032 ι
668 1980 745 2045 huic
768 1981 853 2045 enim
872 1983 991 2045 natura
1007 1981 1158 2049 formasse

116 2091 133 2133 e
157 2069 341 2133 volucribus
366 2069 454 2135 dedit
476 2070 629 2152 palmam.
668 2069 708 2133 ad
733 2069 946 2133 admissuram
969 2070 1053 2136 haec
1074 2071 1127 2135 mi·

85 2165 211 2223 3nores
236 2158 343 2221 bimae
365 2179 432 2222 non
455 2157 590 2223 idoneae
613 2179 673 2222 nec
696 2158 760 2221 iam
779 2159 919 2222 maiores
937 2161 1029 2224 natu.
1063 2181 1128 2243 pas·

116 2249 232 2309 cuntur
256 2267 350 2309 omne
374 2267 475 2332 genus
500 2246 627 2311 obiecto
646 2245 820 2331 frumento,
842 2247 982 2310 maxime
1001 2247 1127 2313 hordeo.

115 2333 224 2419 itaque
254 2332 345 2398 Seius
378 2335 419 2399 iis
448 2335 505 2399 dat
532 2335 567 2399 in
594 2356 722 2399 menses
751 2335 897 2418 singulos
925 2335 1042 2400 hordei
1070 2337 1127 2401 sin·

115 2425 209 2508 gulos
234 2423 368 2505 modios,
391 2423 439 2487 ita
462 2425 555 2487 utin
577 2423 684 2488 fetura
707 2423 762 2487 det
784 2423 930 2508 uterina,
957 2427 1158 2509 antequama

116 2512 211 2576 salire
239 2512 406 2594 incipiant.
451 2513 488 2576 ia
514 2512 575 2576 has
604 2534 624 2575 a
649 2516 860 2596 procuratore
890 2515 1001 2577 ternos
1025 2514 1127 2597 pullos

115 2601 216 2684 exigit
245 2621 375 2682 eosque,
409 2621 481 2664 cum
511 2604 693 2683 creverunt,
726 2601 961 2685 quinquagenis
990 2600 1127 2666 denariis

83 2687 233 2770 4vendit,
256 2688 409 2752 utnulla
432 2687 501 2752 avis
525 2689 611 2753 hune
634 2688 828 2774 adsequatur
850 2689 1003 2754 fructum.
1041 2711 1127 2774 prae

115 2777 205 2838 terea
224 2796 285 2838 ova
304 2775 384 2839 emit
404 2797 441 2839 ac
461 2777 616 2859 supponit
634 2778 774 2862 gallinis,
798 2799 836 2841 ex
856 2777 973 2861 quibus
999 2780 1055 2858 [ex
1077 2778 1126 2858 iis]

203 2930 363 2985 lathielae
413 2930 667 3002 asuffragaturum
688 2933 913 3003 (suffragatorum
937 2933 977 3002 V)
1029 2940 1127 3004 apan-

112 3000 249 3056 talasius
303 3003 402 3055 namet
415 3002 572 3057 attahulam
608 3003 675 3058 8de
690 3020 800 3074 panone
837 3003 960 3072 9siquit
997 3002 1127 3074 11quci]

113 3072 161 3141 qui
235 3077 269 3126 12
289 3072 386 3141 inquid
458 3072 567 3146 uenire]
586 3077 684 3129 uentre
745 3079 778 3128 13
796 3074 893 3142 lyrehc
957 3079 990 3128 19
1009 3075 1128 3130 insulam

112 3143 221 3212 pisonis
241 3142 344 3212 (insula
362 3142 469 3214 pisonis
491 3144 529 3215 V)
572 3151 605 3199 26
624 3143 654 3199 in
673 3150 736 3200 eata
754 3145 806 3221 has
825 3161 874 3200 cm.
922 3150 956 3199 28
976 3145 1050 3217 avis]
1071 3145 1127 3201 ouis

203 3290 217 3338 1
247 3284 371 3340 athletae
400 3286 547 3341 Iucundos
634 3293 650 3340 3
679 3287 841 3342 Pantuleius
869 3303 887 3341 o
971 3293 988 3342 8
1017 3287 1054 3342 de
1080 3301 1125 3357 pa-

112 3357 230 3411 nonibus
249 3373 276 3410 m
350 3361 381 3409 11
402 3357 448 3410 cui
465 3355 574 3410 Merula
592 3357 737 3412 Iuemsdas
817 3363 849 3410 12
869 3356 966 3412 uenire
990 3358 1126 3414 Victorias

113 3433 146 3481 13
169 3425 258 3482 Lurco
282 3427 429 3482 Iucundos
501 3432 534 3481 18
557 3427 588 3481 in
610 3428 742 3482 Planasia
767 3428 860 3483 insula
884 3427 921 3482 M.
945 3427 1057 3484 Pisonis
1080 3427 1124 3482 Ire

111 3498 218 3552 candro
275 3503 308 3552 29
330 3497 416 3551 exiis
435 3498 531 3552 delevit
553 3498 671 3553 Ursinus
