2452 3938
318 163 448 218 RERVM
466 160 705 216 RVSTICARVM
724 159 894 215 mamre
989 177 992 183 ’
1050 159 1111 222 161

102 311 285 377 adfundunt
313 330 425 391 sapam
454 311 552 390 atque
580 328 618 369 ex
647 326 684 368 eo
711 304 816 368 factas
848 304 928 368 offas
953 304 1121 386 adponant

102 403 158 482 ibi,
192 420 254 482 quo
287 398 375 463 foras
407 395 514 459 hieme
546 396 580 458 in
613 395 769 478 pabulum
801 394 975 476 procedere
1009 398 1122 457 tamen

103 489 240 572 possint.

192 573 274 639 Cum
298 592 431 636 examen
455 571 617 635 exiturum
641 574 700 653 est,
723 569 809 654 quod
832 569 903 632 fieri
927 569 1024 652 solet,
1048 579 1172 637 oum29

77 663 244 728 sadnatae
277 681 431 746 prospere
464 663 540 723 sunt
570 658 692 722 multae
726 679 763 720 ac
795 659 984 740 progeniem
1016 661 1053 721 ut
1086 659 1120 722 in

104 751 268 816 coloniam
292 749 437 813 emittere
461 748 642 828 voluntat
665 747 742 810 olim
767 745 879 809 crebro
899 743 1012 810 Sabini
1030 746 1121 811 facti-

104 840 259 903 taverunt
280 839 413 921 propter
436 835 679 899 multitudinem
702 834 886 916 liberorum,
917 835 1010 899 huius
1035 835 1121 918 quod

105 929 168 990 duo
193 926 298 998 solent
320 925 447 1009 praeire
472 925 575 1008 signa,
598 924 714 988 scitur:
752 944 867 1006 unum,
891 924 974 1007 quod
999 924 1121 1007 superi-

105 1016 214 1079 oribus
229 1013 353 1098 diebus,
374 1012 514 1076 maxime
529 1012 733 1095 vespertinis,
747 1012 868 1074 multae
884 1017 959 1076 ante
973 1012 1122 1077 foramen

61 1126 88 1164 ιο
102 1108 139 1167 ut
166 1123 247 1166 uvae
276 1101 360 1165 aliae
390 1122 430 1164 ex
452 1100 524 1164 aliis
547 1100 688 1183 pendent
706 1099 934 1183 conglobatae,
972 1102 1118 1183 alterum,
1130 1109 1172 1168 30

102 1191 198 1275 quod,
223 1211 296 1254 cum
319 1190 385 1253 iam
409 1189 596 1253 evolaturae
621 1191 698 1252 sunt
721 1192 778 1252 aut
801 1189 899 1252 etiam
921 1190 1118 1272 inceperunt,

103 1284 286 1344 consonant
303 1277 520 1359 vehementer,
539 1276 675 1360 proinde
693 1280 732 1339 ut
750 1276 1022 1359 militesfaciunt,
1046 1300 1119 1343 cum

103 1371 211 1432 castra
240 1370 381 1430 movent.
427 1387 509 1449 quae
532 1365 674 1448 primum
698 1364 858 1446 exierunt,
885 1365 920 1427 in
943 1370 1120 1450 conspeetu

102 1457 244 1521 volitant
266 1455 422 1538 reliquas,
450 1475 532 1538 quae
555 1453 698 1516 nondum
721 1455 937 1537 congregatae
962 1458 1046 1533 sunt,
1068 1477 1119 1519 re-

63 1564 90 1603 15
104 1546 301 1627 spectantes,
334 1543 410 1607 dum
442 1541 643 1606 conveniant.
690 1541 790 1620 [oum]
822 1564 842 1605 a
861 1542 1016 1607 ¹mollario
1046 1565 1119 1607 oum

104 1633 138 1694 id
159 1633 274 1696 fecisse
298 1634 373 1694 sunt
396 1629 648 1707 animadversae,
678 1630 827 1693 iaciendo
850 1629 885 1693 in
909 1652 963 1695 eas
986 1632 1120 1715 pulvere

106 1723 138 1782 et
165 1717 451 1801 circumtinniendo
481 1739 554 1781 aere
580 1717 786 1800 perterritae,
814 1740 877 1801 quo
906 1719 1020 1784 volunt
1048 1742 1117 1804 per·
1130 1730 1170 1787 31

107 1807 227 1891 ducere,
244 1830 310 1872 non
329 1807 426 1890 longe
444 1805 519 1871 inde
539 1806 690 1870 oblinunt
706 1806 847 1871 erithace
864 1811 961 1893 atque
976 1809 1118 1891 apiastro

104 1898 282 1980 ceterisque
305 1896 412 1978 rebus,
436 1895 553 1979 quibus
573 1895 783 1960 delectantur.
819 1896 875 1959 ubi
895 1898 1119 1978 consederunt,

62 2005 89 2042 ao
104 1984 255 2048 adferunt
278 1983 387 2048 alvum
412 1985 540 2068 [prope]
565 1984 685 2047 eisdem
708 1983 827 2046 inliciis
857 1984 951 2046 litam
974 1986 1063 2049 intus
1087 1991 1120 2050 et

103 2093 205 2155 prope
229 2070 378 2155 adposita
404 2073 495 2136 fumo
524 2072 590 2137 leni
619 2071 815 2135 circumdato
846 2075 968 2156 cogunt
992 2095 1046 2139 eas
1069 2073 1119 2137 in-

102 2164 204 2224 trare:
238 2161 302 2240 [ut]
328 2182 408 2243 quae
431 2162 466 2225 in
489 2182 607 2225 novam
632 2159 793 2224 coloniam
818 2181 890 2224 cum
912 2160 1118 2244 introierunt,

102 2252 295 2332 permanent
322 2249 401 2314 adeo
429 2249 582 2332 libenter,
612 2256 649 2312 ut
677 2248 774 2312 etiam
803 2248 830 2312 si
857 2251 1039 2330 proximam
1062 2272 1118 2334 po·

104 2338 206 2401 sueris
229 2338 322 2400 illam
345 2339 463 2421 alvum,
486 2338 569 2402 unde
593 2338 753 2426 exierunt,
775 2341 886 2401 tamen
908 2360 992 2403 novo
1016 2339 1117 2403 domi-

64 2444 90 2482 25
106 2426 178 2490 cilio
202 2426 313 2508 potius
337 2427 404 2489 sint
427 2431 607 2490 contentae.

192 2514 286 2589 Quod
309 2512 349 2576 ad
372 2516 538 2597 pastiones
561 2515 724 2598 pertinere
749 2537 819 2579 sum
843 2518 933 2579 ratus
964 2515 1170 2598 quoniam32

103 2601 182 2684 dixi,
210 2624 296 2666 nunc
322 2603 402 2686 iam,
430 2604 544 2685 quoius
573 2623 667 2668 causo
695 2603 867 2668 adhibetur
894 2625 932 2667 ea
960 2625 1049 2686 cura,
1079 2604 1117 2668 de

102 2689 209 2752 fructu
234 2691 348 2756 dicam.
394 2690 635 2755 eximendorum
659 2691 807 2756 favorum
831 2693 962 2778 signum
986 2698 1118 2757 sumunt

194 2895 284 2969 aquo
303 2909 366 2946 oras
438 2897 636 2966 tprogeniem
659 2898 703 2968 ut]
728 2902 929 2968 progentemne
1004 2908 1035 2955 11
1061 2901 1118 2957 sint

106 2964 138 3011 13
158 2964 291 3030 pnmum]
321 2962 495 3029 primosum
569 2975 602 3021 14
621 2973 808 3037 congregatae
837 2970 894 3024 sint
919 2974 1117 3093 Scongregatae

104 3033 169 3083 sunt
194 3031 233 3099 V)
307 3037 339 3086 15
359 3050 422 3086 cum
447 3035 602 3090 amiliario
620 3053 684 3090 eum
702 3036 732 3093 id
749 3042 824 3107 (cum
843 3055 860 3091 a
878 3058 923 3094 me
936 3042 1005 3095 lario
1023 3044 1052 3096 id
1075 3044 1117 3111 V)

103 3107 137 3155 20
162 3101 275 3155 easdem
348 3104 377 3157 et
399 3102 480 3158 litam
508 3103 584 3171 Poc,
619 3106 716 3159 alitam
740 3125 833 3177 apopr.
912 3114 945 3162 21
970 3112 1117 3179 appositae

103 3179 136 3226 22
167 3171 251 3243 quae]
281 3191 338 3241 qua
410 3179 443 3228 21
464 3190 548 3228 causa
567 3191 617 3229 om.

191 3356 207 3403 2
231 3369 316 3418 quum
339 3351 413 3406 foras
443 3351 582 3406 Victorias
663 3356 678 3405 5
700 3351 863 3422 progeniem
889 3352 919 3407 in
941 3354 1115 3410 coloniamo

104 3426 135 3473 11
156 3423 286 3476 suntme
340 3429 375 3476 20
395 3422 499 3477 eisdem
519 3424 667 3478 Iucundos
721 3430 753 3482 21
774 3423 939 3495 appositae
984 3430 1017 3479 27
1038 3425 1116 3480 euius

105 3506 187 3544 causa
205 3491 352 3548 Iucundos

157 3588 242 3632 vaano
256 3602 310 3632 aaa.
324 3602 393 3634 avar.
923 3590 954 3640 11
