2452 3938
281 151 412 207 RERVM
430 151 668 208 RVSTIGARVM
686 152 755 208 LlB.
769 153 782 205 Ι
797 159 903 208 59-65
1039 152 1099 217 ’67

121 365 125 374 ,
173 297 266 374 Quod
296 319 390 362 nemo
420 299 544 363 fructus
568 298 691 377 condit,
720 298 785 362 uisi
808 302 845 362 ut
867 303 1010 384 promat,
1033 301 1158 369 deLxII

83 409 120 452 eo
150 408 279 471 quoque
315 387 369 451 vel
401 391 492 452 sexto
528 388 631 472 gradu
667 387 952 453 animadvertenda
986 411 1099 472 pauca.

81 480 238 560 promunt
261 475 391 540 condita
417 479 473 539 aut
497 479 672 559 propterea
696 477 782 559 quod
803 481 878 541 sunt
896 478 1026 560 tuenda,
1045 482 1102 542 aut

83 565 169 650 quod
193 564 323 647 utenda,
348 567 404 628 out
427 565 514 648 quod
532 565 711 630 vendende.
758 587 796 630 eu
821 566 907 650 quod
927 565 1101 631 dissimilia

58 658 159 719 esunt
182 653 270 717 inter
292 675 337 736 se,
360 652 442 717 aliut
461 654 525 717 alio
543 657 689 739 tempore
708 654 864 719 tuendum
883 659 917 719 et
934 655 1099 720 utendum.

101 753 118 795 ⁰
170 742 295 805 Tuendi
323 764 421 806 ceusu
447 743 660 825 promendum
684 743 715 806 id
739 742 953 827 frumentum,
976 745 1158 829 quodLXIlI

81 830 285 896 curculiones
308 851 419 894 exesse
442 831 610 914 incipiunt.
647 832 681 894 id
704 831 790 896 euim
814 855 887 897 cum
910 836 1099 918 promptum

81 924 144 1004 cst,
174 921 209 983 in
238 919 307 984 sole
334 941 454 1001 ponere
484 923 613 1003 oportet
643 943 745 1006 equae
773 921 912 1005 catinos,
946 922 1031 1006 quod
1060 942 1098 985 eo

81 1008 291 1088 conveniunt,
315 1011 352 1072 ut
374 1007 438 1091 ipsi
463 1030 496 1073 se
519 1012 644 1093 necent,
672 1010 880 1074 curculiones.
927 1011 987 1075 sub
1011 1014 1100 1074 terra

58 1099 136 1183 equi
160 1096 284 1162 habent
306 1096 507 1166 frumentum
529 1099 561 1164 in
587 1098 628 1161 iis
653 1119 735 1181 quos
758 1103 876 1164 vocant
896 1099 989 1185 sirus,
1012 1099 1100 1183 quod

82 1209 154 1252 cum
173 1185 319 1270 periculo
338 1184 494 1250 introitur
512 1187 634 1250 recenti
653 1187 828 1272 aperilem,
846 1188 893 1252 ita
911 1192 949 1252 ut
968 1188 1098 1272 quibus-

81 1276 156 1340 dum
190 1275 234 1338 sit
266 1273 443 1343 interclusa
475 1274 597 1359 anima,
630 1276 798 1359 aliquanto
830 1280 910 1360 post
940 1298 1099 1361 promere,

81 1386 182 1447 quum
209 1362 387 1446 aperueris,
416 1368 557 1447 oportet.
602 1363 666 1442 fer,
695 1364 781 1446 quod
808 1365 843 1428 in
868 1365 965 1448 spicis
990 1364 1098 1430 condi-

81 1453 168 1518 deris
191 1473 250 1535 per
273 1472 412 1515 messem
436 1451 533 1515 etad
557 1473 652 1515 usum
681 1452 808 1516 cibatus
834 1453 983 1535 expedire
1006 1453 1098 1530 velis,
1196 1472 1198 1477 ⁴

58 1539 294 1624 spromendum
317 1540 433 1624 hieme,
457 1539 546 1604 utin
568 1539 706 1623 pistrino
725 1541 851 1624 pisetur
870 1562 908 1604 ac
925 1543 1097 1607 torreatur.

169 1630 313 1693 Amurco
337 1651 409 1692 eum
439 1649 478 1692 ex
506 1629 577 1693 olea
605 1650 772 1713 expressa,
804 1630 860 1714 qui
884 1636 934 1695 est
965 1642 1155 1699 umornxlv

80 1718 244 1802 aquatilis,
264 1740 305 1782 sc
328 1716 555 1782 retrimentum
580 1717 640 1801 [et]
665 1718 831 1785 conditum
854 1718 889 1783 in
912 1741 969 1783 vos
989 1718 1098 1802 fictile,

79 1807 113 1871 id
136 1806 269 1890 quidam
294 1806 341 1870 sic
365 1806 472 1870 solent
494 1807 588 1890 tueri,
612 1807 724 1871 dicbus
747 1825 794 1872 xv
816 1809 853 1872 iu
876 1829 914 1873 eo
938 1809 1025 1892 quod
1048 1813 1098 1872 est

79 1896 283 1960 levissimum
310 1915 348 1959 uc
376 1915 536 1959 summum
560 1896 714 1960 defletum
742 1899 779 1961 ut
800 1896 953 1961 traiciant
975 1898 1010 1960 in
1032 1896 1098 1959 alia

58 2006 162 2049 evaso
185 1987 219 2048 et
240 1982 303 2048 hoc
320 1982 424 2046 isdem
441 1983 624 2048 intervallis
644 1984 836 2049 duodeciens
856 2006 912 2048 sex
930 1984 1096 2048 mensibus

79 2073 238 2156 proximis
262 2073 340 2135 item
363 2070 501 2155 faciant3
532 2095 606 2137 cum
627 2072 661 2135 id
684 2073 868 2156 novissime,
890 2073 1097 2156 potissimum

78 2163 241 2239 traiciunt
266 2182 339 2224 cum
363 2160 503 2224 senescit
526 2161 611 2226 lune.
655 2165 727 2224 tum
750 2161 909 2225 decocunt
931 2162 965 2226 in
984 2161 1096 2226 ahenis

79 2251 148 2315 leni
180 2250 265 2334 igni,
300 2250 343 2314 ad
373 2248 453 2312 duas
485 2251 598 2332 partes
630 2249 738 2332 quaed
769 2250 972 2334 redegerunt.
1025 2254 1095 2314 turn

79 2338 219 2422 denique
243 2339 284 2402 ad
306 2359 400 2402 usum
423 2341 511 2401 recte
534 2338 704 2420 promitur.

58 2449 66 2490 5
172 2426 264 2503 Quod
286 2431 430 2491 mustum
453 2425 602 2490 conditur
624 2427 660 2489 in
680 2426 812 2510 dolium,
835 2428 872 2490 ut
890 2425 1068 2489 habeamus
1078 2438 1154 2496 LXV
1201 2454 1207 2467 x

78 2517 202 2600 vinum,
224 2537 290 2580 non
312 2514 526 2599 promendum
546 2515 622 2579 dum
640 2515 751 2598 fervet,
774 2536 881 2598 neque
900 2514 1001 2585 etism
1023 2535 1097 2578 cum

79 2604 240 2688 processit
269 2606 330 2687 its,
359 2607 396 2667 ut
427 2603 470 2667 sit
499 2603 611 2668 vinum
642 2603 778 2688 fectum,
808 2604 837 2669 si
867 2607 960 2668 vetus
984 2603 1095 2668 bibere

170 2741 350 2813 3promunt]
368 2741 490 2812 primum
578 2749 612 2797 10
631 2759 707 2797 serus
795 2749 828 2797 14
847 2743 882 2796 ad
902 2760 967 2797 usus
986 2742 1096 2798 cibatus

80 2813 163 2868 rein
188 2812 309 2883 pistrino
336 2815 377 2883 (in
395 2812 500 2883 pistino
518 2813 590 2880 Pet,
616 2813 645 2866 iu
669 2812 789 2883 pistrino
809 2817 914 2884 apopr.)
987 2812 1097 2882 pisutur

80 2892 112 2939 16
131 2886 235 2939 humor
290 2890 322 2939 1³1
341 2883 539 2938 recrimentum
597 2890 630 2939 18
648 2885 678 2939 iu
697 2892 760 2940 aute
778 2901 812 2939 eo
831 2902 881 2940 cm.
937 2889 971 2938 20
990 2884 1094 2955 isdem]

77 2958 155 3010 idem
246 2961 279 3008 22
298 2958 359 3009 tum
379 2957 456 3024 (tunc
470 2956 565 3024 priore
584 2955 642 3010 loco
665 2957 705 3025 V)
808 2962 841 3010 23
861 2954 1006 3024 lenilignis
1025 2956 1095 3009 dues

77 3029 174 3098 partes
195 3026 288 3095 quaed
306 3028 440 3094 regerent
519 3027 581 3079 tum
600 3027 720 3094 denique
740 3027 776 3081 ad
795 3044 876 3080 usum
895 3029 1028 3096 (mustum
1048 3026 1095 3078 de-

77 3098 164 3168 nique
184 3097 221 3150 ad
239 3114 322 3151 usum
336 3097 463 3165 plurima
480 3098 650 3166 apoprapta.
688 3100 811 3151 mustum
827 3113 896 3152 corr.
911 3097 972 3149 tum
986 3097 1095 3150 videtur

77 3170 109 3224 in
127 3169 275 3238 arctecypo
293 3168 389 3236 fuisse)
461 3171 495 3220 27
514 3171 658 3236 processet

169 3299 185 3346 3
200 3294 334 3361 promunt
352 3290 466 3345 condite
479 3290 624 3346 Iucundos
696 3296 729 3345 15
744 3291 851 3360 pisctur
866 3253 977 3345 Nereide
994 3293 1093 3356 p.163

79 3371 111 3418 17
131 3363 328 3418 retrimentum
347 3361 526 3416 conditume
599 3367 633 3415 20
651 3361 752 3416 iisdem
772 3362 919 3417 Iucundos
988 3365 1022 3413 23
1037 3359 1094 3414 leui

76 3434 170 3517 ignis
228 3434 264 3488 ud
283 3435 352 3488 duos
371 3435 466 3503 partes
486 3432 579 3499 quoad
597 3434 765 3503 redegerunt
786 3433 921 3488 Gesneruc
978 3436 1011 3486 27
1031 3446 1093 3501 pro·

77 3506 165 3562 cessrt
181 3523 199 3560 o

897 3590 934 3644 5*
