2452 3938
177 108 244 162 VlII
569 107 775 162 PRAEFATIO

182 253 302 336 apertis
331 251 538 316 librariorum
567 253 729 317 erroribus
759 257 911 335 corrupta
934 258 1040 336 erant,
1069 256 1215 351 priql

180 342 334 424 correxit,
368 362 561 425 quamquam
590 343 748 425 quaedam
777 364 814 405 ex
844 342 894 405 his
923 364 939 404 e
963 342 1108 408 Mediceo

180 431 249 493 dice
272 431 323 492 vel
347 451 385 492 ex
408 430 603 512 Florentin0,
626 431 683 511 qui
707 453 745 493 ex
768 432 825 494 illo
849 437 1011 496 correctus
1036 436 1114 514 erat,
1192 491 1218 523 0

178 524 246 582 tere
270 519 387 600 potuit.
433 519 512 581 haec
537 518 699 601 adscripta
722 541 740 582 v
764 520 873 583 littera
897 525 943 602 et,
972 520 999 583 si
1023 520 1153 592 eadem
1205 556 1226 610 s

178 606 319 670 Mediceo
341 606 449 670 codice
468 608 629 690 leguntur,
652 608 763 670 addita
786 609 884 671 etiam
907 629 939 671 m
961 610 1071 671 littera
1091 610 1216 703 sig-m:

177 696 279 759 ficavi.
325 695 523 778 reliquorum
553 696 713 759 editorum
744 697 984 761 emendationes
1016 697 1201 781 adscriptis

177 783 364 848 nominibus
393 783 542 847 indicavi.
588 805 626 846 ex
655 784 706 848 his
731 784 936 867 Philippus
964 784 1187 870 Beroaldus,

178 870 234 956 qui
261 871 440 954 principem
469 872 643 935 editionem
668 873 802 938 111494
831 873 997 938 Bononiae
1022 877 1188 959 expressit,

177 982 241 1024 uno
274 961 325 1024 vel
358 962 461 1023 altero
494 961 566 1024 loco
599 960 690 1024 illius
718 963 872 1025 lectiones
902 963 1050 1026 correxit.
1096 963 1188 1044 plura

177 1071 273 1132 quam
298 1050 467 1132 quisquam
491 1049 687 1132 reliquorum
715 1050 911 1114 iucundus
941 1049 1188 1135 Veronensis,

177 1138 231 1220 qui
255 1141 379 1201 ceteros
404 1137 542 1200 editores
566 1137 714 1201 doctrina
738 1142 770 1201 et
793 1139 924 1222 ingenio
944 1139 1040 1221 longe
1061 1161 1188 1221 supera·

177 1227 243 1306 bat,
267 1226 461 1289 emendavit.
504 1225 600 1289 huius
625 1227 709 1290 enim
734 1227 842 1291 studio
865 1249 948 1291 nova
971 1227 1087 1290 horum
1113 1231 1189 1292 scri-

176 1319 307 1396 ptorum
341 1313 452 1395 editio,
485 1336 567 1397 quae
600 1336 627 1379 a.
656 1316 744 1379 1514
772 1314 919 1379 Venetiis
950 1315 1034 1398 apud
1067 1315 1189 1382 Aldum

175 1403 261 1467 facta
290 1407 354 1485 est,
386 1402 527 1465 debetur.
573 1403 607 1467 in
635 1425 672 1466 ea
698 1405 836 1467 editione
861 1411 969 1466 autem
992 1425 1057 1467 non
1081 1406 1188 1470 solum

176 1491 329 1554 adhibitis
353 1491 445 1554 libris
466 1512 563 1554 manu
588 1491 731 1574 scriptis,
755 1494 788 1554 in
808 1492 924 1574 quibus
944 1491 1007 1555 fuit
1026 1491 1189 1558 Mediceus

87 1638 93 1651 ,
175 1580 283 1661 codex,
307 1579 361 1642 sed
386 1579 485 1642 etiam
510 1579 694 1641 coniectura
718 1580 849 1642 editoris
874 1581 1023 1662 plurima,
1047 1602 1128 1663 quae
1153 1583 1188 1647 in

175 1667 412 1750 antiquioribus
427 1667 663 1748 exemplaribus
679 1661 830 1749 corrupta
848 1667 1042 1752 ferebantur,
1062 1675 1187 1735 mutata

176 1759 259 1818 suut.
311 1776 446 1837 quorum
479 1775 673 1837 quamquam
706 1757 848 1818 maxima
879 1779 955 1840 pars
988 1757 1050 1820 fide
1088 1781 1186 1823 manu

175 1844 368 1924 scriptorum
398 1842 555 1905 librorum
584 1847 687 1925 caret,
718 1847 827 1907 tamen
860 1846 1026 1928 ingeniose
1054 1848 1186 1912 inventa

175 1935 250 1995 suut
273 1932 389 2013 omnia,
413 1930 516 1994 multa
540 1936 614 2013 apte
638 1937 670 1994 et
693 1933 907 2014 probabiliter
930 1936 1091 2000 restituta.
1128 1936 1184 1999 Al·

174 2020 283 2083 dinam
322 2019 494 2082 editionem
532 2041 616 2082 anno
653 2024 729 2102 post
766 2025 875 2086 secuta
914 2031 964 2087 est
1000 2024 1129 2087 Iuntina
1165 2047 1184 2086 a

173 2107 337 2172 Nicolao
367 2107 533 2191 Angelio
562 2107 650 2172 facta
677 2108 861 2174 Florentiae
885 2134 912 2175 a.
935 2112 1033 2191 1515,
1064 2112 1183 2193 inqua

173 2197 230 2260 illa
257 2195 324 2258 fere
353 2199 424 2259 tota
451 2218 604 2282 expressa
631 2201 694 2280 est,
728 2199 782 2262 sed
817 2201 972 2264 nonnulla
998 2200 1117 2283 partim
1145 2221 1184 2261 ex

172 2284 373 2349 Florentinis
411 2284 573 2348 codicibus
610 2288 728 2368 partim
769 2310 808 2351 ex
841 2289 1025 2351 coniectura
1057 2292 1184 2351 mutata

173 2378 258 2438 sunt.
303 2373 336 2436 in
360 2373 515 2454 proximis
540 2373 734 2438 editionibus
758 2381 886 2457 praeter
909 2395 1020 2454 pauca,
1044 2397 1125 2454 quae
1148 2377 1182 2437 in

173 2463 351 2526 Basileensi
382 2462 521 2525 editione
550 2462 681 2528 11521
707 2465 850 2524 correcta
874 2464 961 2536 sunt,
993 2458 1074 2519 nihil
1098 2463 1182 2539 quod

171 2550 328 2614 memoria
351 2549 484 2632 dignum
508 2551 594 2614 esset
618 2549 735 2613 inveni.
780 2545 894 2609 deinde
923 2544 1062 2609 Petrus
1093 2544 1181 2609 Vic-

171 2640 296 2703 torius
326 2637 525 2701 Marcianum
559 2638 700 2702 codicem
731 2640 847 2703 nactus
881 2656 907 2697 a.
934 2634 1016 2697 1541
1047 2634 1182 2699 Catonis

173 2733 205 2791 et
238 2726 395 2789 Varronis
434 2732 467 2790 et
503 2727 581 2790 item
619 2726 816 2808 reliquorum
849 2723 1043 2805 scriptorum
1076 2723 1115 2786 de
1148 2747 1183 2787 re

171 2816 292 2879 rustica
314 2814 417 2876 libros
440 2814 554 2894 edidit,
576 2815 730 2878 restituta
754 2812 895 2898 genuina
918 2813 1036 2875 veteris
1063 2812 1182 2876 codicis

172 2903 334 2985 scriptura
349 2904 492 2966 omnium
508 2904 629 2985 optime
649 2903 687 2966 de
707 2900 841 2967 Catonis
861 2904 893 2964 et
912 2899 1070 2964 Varronis
1089 2901 1182 2965 libris

172 2995 315 3057 meritus.
362 2991 417 3053 sed
440 2992 525 3054 idem
549 2991 646 3054 nimis
675 2991 786 3072 multa,
809 3011 891 3073 quae
915 3012 953 3053 ex
977 2991 1183 3071 interpolatis

170 3082 315 3166 priorum
344 3078 503 3142 editorum
532 3081 770 3163 exemplaribus
804 3079 844 3142 ad
874 3077 1041 3142 Iuntinam
1069 3078 1182 3140 editio-

169 3192 257 3251 nem,
290 3189 353 3250 qua
381 3167 437 3231 ille
465 3189 524 3250 pro
553 3167 763 3232 fundamento
791 3190 894 3231 novae
924 3166 1074 3230 editionis
1103 3189 1182 3229 usus

172 3262 229 3341 est,
258 3261 441 3339 propagata
465 3261 574 3337 erant,
603 3257 752 3340 retinui13
783 3279 841 3320 sua
865 3256 1048 3344 coniectura
1072 3275 1185 3336 pauca,

172 3367 253 3430 quae
277 3347 311 3407 in
335 3345 443 3408 codice
467 3348 621 3426 corrupta
644 3345 820 3421 invenerat,
852 3342 999 3407 correxit.
1045 3342 1184 3405 Victorii

169 3435 344 3499 editionem
368 3455 480 3496 omnes
505 3433 561 3515 qui
584 3438 700 3515 postea
723 3432 852 3496 eosdem
884 3431 986 3494 libros
1015 3431 1184 3493 ediderunt
