2452 3938
319 162 450 218 RERVM
468 163 704 220 Rvsrronuvn
722 164 790 222 LIB.
804 165 844 220 III
860 171 928 223 1-2
1062 166 1125 233 123

108 309 274 392 sticarum,
297 310 581 394 quae‘constituta
604 314 681 375 sunt
702 308 828 376 fruetus
853 327 958 393 causa,
983 311 1048 376 tria
1071 333 1125 397 ge-

107 418 201 481 nera,
229 417 330 461 unum
353 396 392 462 de
416 397 489 482 agri
512 399 651 481 cultura,
681 400 820 464 alterum
844 399 883 464 de
904 422 940 464 re
964 401 1124 485 pecuaria,

107 485 242 551 tertium
270 485 309 550 de
336 486 489 551 villaticis
516 487 733 570 pastionibus,
761 491 827 552 tres
856 487 959 552 libros
988 487 1126 573 institui,

108 575 224 658 equis
248 574 311 640 duo
335 575 460 659 scripsi,
483 576 624 659 primum
648 576 688 640 ad
706 575 911 643 Fundaniam
929 597 1063 642 uxorem
1086 577 1126 641 de

81 664 183 748 aegri
214 664 357 746 cultura,
395 664 571 729 secundum
603 663 642 728 de
674 665 825 748 pecuaria
857 666 897 729 ad
929 665 1125 730 Turranium

106 751 264 838 Nigrum:
284 751 339 836 qui
357 751 501 836 reliquus
520 756 571 817 est
589 753 706 818 tertius
725 753 764 817 de
783 754 937 819 villaticis
956 754 1126 839 fructibus,

107 843 144 906 in
167 841 232 906 hoc
256 840 296 905 ad
314 843 347 905 te
366 841 473 923 mitto,
497 842 582 926 quod
600 842 691 906 visus
711 863 783 907 sum
802 843 918 907 debere
937 865 995 926 pro
1014 847 1127 908 nostra

106 929 277 996 vicinitate
305 932 339 994 et
367 951 476 994 amore
507 931 647 995 scribere
670 931 878 1014 potissimum
902 932 943 996 ad
966 937 1008 996 te.
1053 953 1125 996 cum
1138 938 1179 998 10

107 1019 195 1084 enim
227 1017 339 1084 villam
372 1017 509 1084 haberes
542 1040 638 1102 opere
670 1020 808 1085 tectorio
841 1022 875 1084 et
901 1021 1058 1085 intestino
1090 1040 1127 1085 ac

68 1129 95 1169 ιο
107 1107 306 1192 pavimentis
329 1106 495 1171 nobilibus
519 1107 716 1172 lithostrotis
738 1109 947 1193 spectandam
965 1114 995 1174 et
1011 1131 1126 1193 parum

106 1199 259 1280 putasses
283 1217 362 1277 esse,
386 1196 421 1259 ni
444 1196 507 1260 tuis
532 1218 659 1281 quoque
682 1197 802 1262 litteris
821 1198 968 1263 exornati
985 1198 1126 1282 parietes

107 1288 227 1369 essent,
250 1304 310 1368 ego
335 1305 472 1369 quoque,
496 1307 559 1369 quo
578 1285 725 1350 ornatior
743 1307 782 1350 ea
800 1308 870 1350 esse
889 1291 1001 1370 posset
1019 1288 1126 1351 fructu

109 1373 210 1458 [quod
238 1373 358 1457 factu],
386 1373 472 1456 quod
499 1375 605 1438 faeere
632 1394 773 1457 possem,
805 1373 886 1438 haec
913 1375 954 1438 ad
981 1378 1015 1438 te
1042 1375 1126 1457 misi,

107 1460 298 1527 reeordatus
321 1462 360 1525 de
384 1483 422 1526 ea
444 1483 479 1526 re
502 1483 679 1540 sermones,
709 1479 789 1546 quos
819 1461 857 1526 de
881 1462 959 1527 villa
981 1463 1126 1545 perfecta

66 1569 94 1612 rs
107 1551 345 1616 habuissemus.
361 1550 399 1615 de
409 1552 525 1634 quibus
541 1551 740 1634 exponendis
754 1550 886 1614 initium
898 1551 1026 1633 capiam
1041 1550 1126 1615 binc.

199 1636 349 1705 Comitiis
369 1640 527 1705 aediliciis
547 1662 620 1704 cum
639 1640 707 1704 sole
726 1639 819 1704 caldo
840 1660 900 1724 ego
920 1643 955 1703 et
973 1638 1009 1715 Q.
1022 1638 1162 1707 AxiusII

109 1730 242 1794 senator
275 1726 403 1792 tribulis
436 1729 628 1813 suffragium
663 1728 849 1793 tulissemus
885 1732 918 1793 et
945 1728 1127 1808 candidato,

107 1817 160 1882 cui
189 1816 412 1901 studebamus,
440 1818 596 1883 vellemus
627 1840 697 1883 esse
720 1821 865 1902 praesto,
892 1839 965 1883 cum
995 1817 1127 1882 domum

107 1904 238 1990 rediret,
261 1905 362 1970 Axius
386 1905 477 1989 mihi,
499 1905 586 1971 Dum
609 1907 801 1989 diribentur,
824 1906 939 1989 inquit,
963 1906 1127 1990 suffragia,

67 2013 95 2055 ao
108 1995 160 2060 vis
184 1993 294 2076 potius
313 1995 409 2059 villae
427 1995 576 2078 publicae
595 1999 724 2059 utamur
741 1995 868 2073 umbra,
891 2016 987 2077 quam
1006 1993 1127 2075 privati

107 2082 276 2148 candidati
289 2084 412 2147 tabella
424 2087 446 2165 †
460 2083 631 2148 dimidiata
644 2083 850 2148 aedificemus
860 2082 978 2146 nobis?
993 2080 1125 2166 Opinor,

107 2173 254 2256 inquam,
281 2193 347 2235 non
375 2172 495 2257 solum,
527 2172 613 2256 quod
642 2172 773 2254 dicitur,
804 2171 926 2235 malum
954 2171 1125 2236 consilium

108 2260 291 2326 consultori
315 2263 365 2324 est
387 2261 575 2344 pessimum,
600 2260 656 2324 sed
679 2260 779 2324 etiam
801 2259 923 2323 bonum
945 2260 1126 2343 consilium,

109 2349 166 2434 qui
188 2349 330 2414 consulit
352 2353 385 2413 et
403 2350 459 2432 qui
478 2349 665 2431 consulitur,
689 2349 810 2412 bonum
829 2347 1023 2412 habendum.
1059 2347 1124 2410 Ita·

67 2457 96 2498 15
112 2458 173 2522 que
194 2438 294 2516 imus,
323 2438 470 2502 venimus
494 2439 527 2501 in
550 2438 672 2502 villam.
717 2436 763 2500 ibi
788 2435 931 2521 Appium
955 2433 1125 2501 claudium
1159 2443 1178 2500 2

110 2545 267 2612 augurem
291 2526 456 2591 sedentem
480 2525 661 2591 invenimus
684 2525 719 2589 in
742 2525 915 2608 subselliis,
938 2526 975 2588 ut
993 2523 1126 2604 consuli,

109 2613 218 2699 siquid
245 2635 324 2678 usus
357 2615 576 2700 poposcisset,
610 2616 696 2678 esset
723 2616 864 2697 praesto.
922 2612 1056 2678 sedebat
1086 2610 1126 2676 ad

109 2703 279 2768 sinistram
303 2702 334 2767 ei
357 2700 527 2767 Cornelius
550 2701 677 2768 Merula
700 2703 864 2767 consulari
886 2701 1012 2767 familia
1035 2704 1126 2767 ortus

108 2795 143 2856 et
161 2790 333 2856 Fircellius
351 2791 440 2857 Pavo
459 2791 629 2877 Reatinus,
647 2792 687 2856 ad
706 2791 852 2856 dextram
870 2789 1032 2856 Minucius
1050 2790 1127 2854 Pica

67 2900 94 2941 eo
109 2884 144 2946 et
166 2878 210 2946 M.
233 2879 405 2945 Petronius
429 2881 556 2946 Passer.
590 2882 630 2945 ad
655 2902 751 2965 quem
775 2902 848 2945 oum
872 2881 1127 2961 accessissemus,

202 3075 216 3124 1
241 3071 395 3126 constituta
418 3076 484 3127 sunt
507 3069 673 3140 (constituta
699 3071 757 3124 sint
781 3072 942 3140 opopropbo
966 3071 1127 3136 recentiora)

112 3149 146 3198 10
170 3143 355 3214 spectandam
377 3160 477 3213 parum
550 3146 582 3195 11
608 3141 637 3195 ni
661 3143 717 3196 tuis
739 3141 765 3194 V
781 3147 807 3196 et
824 3141 881 3195 cod.
901 3141 994 3207 Fica,
1018 3140 1047 3191 in
1071 3137 1128 3192 tuis

109 3214 212 3283 reliqui
285 3219 318 3267 16
345 3215 375 3268 et
397 3231 452 3282 que
476 3213 554 3267 axius
578 3212 674 3282 (atque
699 3209 779 3265 axius
802 3209 839 3279 V)
914 3216 946 3264 11
966 3209 1129 3264 candidatos

111 3289 145 3339 19
165 3283 269 3353 inquid
305 3290 340 3339 23
360 3287 404 3339 est
421 3284 575 3354 pessimum
594 3285 667 3352 (esse
684 3280 838 3352 pessimum
861 3280 898 3350 V)
940 3286 974 3335 29
993 3280 1128 3334 minutius

202 3450 236 3498 10
256 3445 439 3514 spectandam
458 3407 612 3514 parumque
631 3441 762 3512 putasses
785 3441 903 3497 Ursinus
947 3444 979 3494 16
1000 3436 1129 3503 (111111

117 3514 257 3571 Victorius
332 3521 363 3570 17
383 3515 532 3571 candidato
555 3516 702 3570 Iucundos
