2452 3938
340 172 470 228 RERVM
488 171 727 229 RVSTICARVM
746 173 812 230 LIB.
831 174 858 227 11
878 181 892 228 1
1082 177 1124 241 75

106 321 234 403 partem
274 318 418 382 obtinere
452 317 611 401 pecudum
642 319 787 403 nomina,
823 320 888 384 nisi
922 321 1123 406 adiecissent,

106 412 144 472 ut
172 410 323 490 quartam
350 409 512 484 tenerent,
544 407 777 490 capricornum.
826 413 996 492 praeterea
1024 432 1042 473 a
1069 432 1122 494 pe-

105 497 225 561 cuariis
259 495 450 559 addiderunt
482 517 628 578 capram,
660 496 800 578 haedos,
832 519 937 562 canes.
983 520 1024 560 an
1057 520 1124 564 non

107 585 208 649 etiarn
233 585 313 647 item
337 585 371 646 in
394 584 477 647 mari
500 586 651 669 terraque
675 585 716 648 ab
740 585 792 649 his
815 586 1001 669 regionibus
1025 590 1122 650 notae

77 675 141 755 s[a
165 693 283 758 pecore
306 673 339 735 in
364 674 477 752 mari]‚
506 673 591 756 quod
614 673 865 738 nominaverunt
888 697 908 738 a
931 675 1036 757 capris
1059 675 1122 740 Ae·

106 783 228 848 gaeum
246 761 392 844 pelagus,
412 760 452 825 ad
467 758 594 844 Syriam
613 765 757 826 montem
772 762 924 844 Taurum,
941 763 981 827 in
993 761 1122 828 Sabinis

105 849 321 917 Cantherium
344 854 498 932 montem,
519 849 697 932 Bosporum
715 873 815 914 unum
834 851 1019 936 Thracium,
1043 853 1122 916 altc-

104 962 180 1004 rum
204 937 438 1024 Cimmerium?
459 959 572 1003 nonne·
589 939 624 1002 in
647 938 742 1003 terris
765 940 883 1021 multa,
906 943 943 1005 ut
967 939 1122 1024 oppidum
1155 949 1174 1005 9

104 1028 142 1092 in
175 1026 310 1091 Graecia
341 1026 487 1111 Hippion
518 1028 653 1111 Argos?
704 1028 841 1112 denique
873 1050 940 1094 non
972 1027 1070 1093 Italia
1103 1051 1122 1092 a

65 1141 90 1179 ιο
105 1114 241 1181 vitulis?
274 1119 311 1179 ut
329 1115 443 1180 scribit
460 1114 547 1180 Piso.
589 1115 813 1181 Romanorum
831 1139 908 1182 vero
927 1120 1084 1201 populum
1103 1138 1123 1181 a

104 1205 292 1290 pastoribus
316 1226 386 1268 esso
410 1208 516 1270 ortum
541 1206 696 1289 quianon
716 1205 815 1271 dicit?
840 1207 911 1291 quis
930 1206 1121 1272 Faustulum

105 1295 213 1360 nescit
244 1299 414 1378 pastorem·
441 1293 542 1358 fuisse
574 1294 762 1373 nutricium,
803 1297 859 1380 qui
886 1295 1062 1361 Romulum
1091 1299 1123 1359 et

105 1381 245 1447 Remum
275 1382 445 1447 educavit?
481 1404 549 1446 non
574 1383 663 1464 ipsos
692 1404 819 1465 quoque
846 1384 947 1447 fuisse
972 1388 1121 1466 pastores

107 1470 279 1552 obtinebit,
299 1469 384 1555 quod
397 1470 560 1534 Parilibus
574 1470 783 1552 potissimum
802 1471 971 1534 condidere
986 1471 1121 1536 urbem?

67 1581 92 1621 15
106 1581 174 1623 non
198 1558 292 1642 idem,
315 1558 400 1640 quod
424 1558 527 1621 multa
550 1558 649 1622 etiam
671 1580 757 1622 nunc
781 1580 819 1621 ex
842 1563 949 1622 vetere
968 1559 1121 1624 instituto

107 1649 213 1712 bubus
242 1650 274 1711 et
301 1648 416 1712 ovibus
444 1646 573 1730 dicitur,
586 1688 588 1693 -
602 1650 634 1710 et
661 1646 747 1729 quod
775 1668 830 1712 aes
860 1647 1120 1731 antiquissimum

107 1737 194 1821 quod
223 1739 272 1800 est
297 1736 412 1801 flatum
439 1758 553 1819 pecore
581 1740 631 1800 est
657 1739 824 1819 notatum,
857 1741 890 1801 et
918 1736 1017 1821 quod,
1044 1738 1121 1802 urbs

106 1849 180 1891 cum
209 1826 339 1890 condita
367 1832 430 1907 est,
457 1829 551 1889 tauro
579 1830 612 1888 et
638 1846 736 1890 vacca
766 1847 829 1910 qua
853 1830 962 1890 essent
984 1828 1068 1890 muri
1091 1830 1123 1890 et
1136 1835 1177 1890 10

105 1918 223 1998 portae
247 1912 425 1994 definitum,
449 1915 481 1975 et
505 1913 604 1995 quod,
627 1915 765 1997 populus
789 1913 957 1979 Romanus
981 1937 1052 1977 cum
1077 1914 1123 1977 lu-

66 2025 91 2073 ao
106 2006 231 2067 stratur
270 2000 551 2083 suovitaurilibuS,
593 2002 855 2085 circumaguntur
892 2023 998 2068 verres
1039 2001 1122 2065 aries

105 2097 234 2174 taurus,
265 2093 298 2153 ot
326 2089 411 2172 quod
438 2090 571 2153 nomina
599 2089 703 2153 multa
731 2090 887 2154 habemus
916 2091 957 2154 ab
986 2094 1123 2173 utroque

104 2199 231 2263 pecore,
253 2200 273 2241 a
296 2177 418 2241 maiore
442 2182 475 2242 et
498 2200 518 2241 a
537 2178 683 2243 minoret
707 2198 728 2240 o
746 2179 864 2242 uciuore
881 2177 1025 2261 Porcius,
1048 2177 1122 2243 Ovi·

104 2269 190 2350 nius,
214 2264 390 2351 Caprilius3
428 2265 474 2329 sic
498 2288 517 2329 a
540 2266 662 2329 maiore
685 2264 848 2349 Equitius,
876 2265 1031 2348 Taurius,.
1047 2267 1122 2332 Asi-

103 2358 198 2421 uius:
234 2356 315 2420 idem
343 2355 539 2439 cognomina
570 2354 795 2438 adsignificare
825 2352 939 2437 [quod]
964 2355 1123 2437 dicuntur,

64 2466 90 2508 u
104 2449 142 2510 ut
166 2444 255 2509 Anni
279 2442 413 2528 Caprae,
438 2442 548 2507 Statili
571 2442 680 2526 Tauri,
703 2441 862 2526 Pomponi
881 2441 997 2506 Vituli:
1032 2441 1078 2506 sio
1102 2465 1122 2506 a

103 2535 282 2621 pecudibus
306 2533 364 2598 alii
382 2532 486 2598 multi.
929 2606 932 2611 ¹
1142 2604 1144 2607 v

195 2623 342 2689 Relicum
376 2626 425 2686 est
457 2620 496 2684 de
529 2619 665 2684 scicntia
696 2619 865 2704 pastorali,
896 2619 935 2683 de
968 2641 1030 2705 qua
1068 2623 1119 2684 est
1134 2625 1173 2681 11

104 2714 290 2793 dicendum,
313 2711 405 2796 ‘quod
430 2709 543 2774 Scrofa
571 2713 695 2791 nostor,
723 2708 773 2773 cui
802 2708 882 2773 haec
905 2712 995 2773 aetas
1019 2709 1123 2773 defert

196 2869 340 2922 ateneret
407 2872 480 2920 3an
498 2865 566 2936 non]
586 2881 660 2920 anno
725 2866 915 2934 7Bosporum
933 2882 984 2922 oue.
1047 2866 1123 2919 8oi-

103 2937 226 2992 merium
298 2937 453 3003 9denique
473 2937 503 2990 in
521 2936 604 2991 italia
677 2935 806 2991 morbis
888 2942 919 2991 18
938 2953 1010 3006 quae
1029 2938 1124 2991 essent

105 3017 139 3065 19
163 3009 331 3064 lustraretur
422 3013 456 3060 22
480 3024 497 3061 a
520 3009 628 3063 minore
650 3009 737 3063 semel«
752 3009 884 3076 scriptum
956 3014 990 3061 23
1009 3007 1123 3061 Asinius

103 3081 180 3135 idem
200 3097 250 3136 om.
305 3085 340 3134 24
355 3077 545 3147 adsignificari
599 3083 634 3132 25
652 3078 739 3149 Anni]
761 3077 838 3132 anini
895 3077 993 3147 Vituli]
1012 3076 1120 3131 uitulos

196 3245 211 3293 2
231 3238 360 3293 tenerent
378 3237 526 3292 Iucundos
617 3241 633 3288 3
652 3251 689 3288 an
706 3252 763 3289 non
782 3251 797 3290 v
888 3241 904 3290 ὁ
922 3252 940 3288 a
958 3250 1060 3302 pecore
1078 3236 1122 3290 iu·

104 3312 188 3366 clusit
208 3311 343 3366 conaus
390 3309 557 3375 montem,
577 3305 750 3375 Bosphorum
769 3321 890 3358 unumo
937 3310 970 3358 17
989 3303 1056 3357 urbs
1074 3320 1122 3358 mu

107 3389 140 3436 18
160 3399 217 3450 qua
232 3383 329 3446 ‘essent
349 3380 485 3435 Gesneruo
590 3384 622 3431 19
646 3377 783 3430 lustratur
801 3375 948 3430 Iucundos
1052 3379 1086 3454 22
1105 3390 1123 3428 a

104 3452 212 3507 maiore
240 3453 269 3506 et
295 3467 312 3504 a
339 3451 459 3516 minore,
496 3466 513 3504 a
539 3448 648 3504 minore
675 3447 823 3518 Iucuudue
929 3450 964 3499 25
991 3444 1079 3498 Anmi
1106 3461 1123 3499 u

105 3528 141 3577 25
159 3521 245 3577 uituli
262 3523 319 3578 cod.
339 3521 406 3577 Pur.
