2452 3938
150 155 194 220 30
559 153 745 209 sunnonis

151 322 247 384 quam
271 321 382 365 reeens
406 299 490 384 quod
514 300 694 365 confracuit
717 299 842 364 melius.
878 321 937 364 ncc
960 321 1027 365 non
1049 301 1163 367 sterci-

150 390 254 452 linum
278 389 393 453 melius
415 388 505 471 illud,
528 390 617 453 cuius
640 390 744 453 latera
767 391 800 452 et
822 410 984 453 summum
1003 389 1105 472 virgis
1125 412 1163 454 ac

149 477 263 541 fronde
300 477 496 542 vindicatum
521 499 540 541 a
564 479 640 542 sole.
692 499 758 542 non
791 477 876 540 enim
904 499 1035 556 sucum,
1067 499 1163 560 quem

150 566 278 650 quaerit
300 568 397 647 terra,
419 566 523 630 solem
547 569 621 630 anta
645 587 781 650 crugero
805 569 943 648 oportet.
980 566 1089 649 itaque
1107 589 1162 650 pe-

148 654 214 737 riti,
237 655 292 737 qui
315 657 462 738 possunt,
485 657 522 718 ut
541 676 578 718 eo
598 676 681 738 aqua
699 655 814 719 influat
832 675 869 718 eo
887 654 1018 718 nomine
1037 654 1163 718 faciunt
1190 675 1203 716 s

151 740 211 828 (sic
236 742 325 806 enim
353 743 492 807 maxime
520 742 677 806 retinetur
702 742 825 825 sucus),
847 743 880 805 in
904 764 1005 826 eoque
1030 743 1161 827 quidam

120 832 247 896 5sellas
271 830 481 895 familiaricas
509 834 644 913 ponunt.
688 830 878 894 aedificium
891 831 998 895 facere
1022 836 1162 914 oportet,

150 920 209 984 sub
232 919 318 1002 quod
336 923 460 983 tectum
482 923 585 984 totam
609 919 701 982 fundi
719 919 863 983 subicere
886 920 994 1002 possis
1013 941 1162 1001 messem,

148 1007 234 1090 quod
256 1011 375 1072 vocant
397 1007 527 1090 quidam
550 1007 757 1072 nubilarium.
802 1007 835 1071 id
857 1007 1031 1071 secundum
1052 1029 1161 1072 aream

148 1095 343 1178 faciendum,
374 1095 432 1159 ubi
459 1096 595 1161 triturus
624 1096 668 1160 sis
695 1095 910 1179 frumentum,
937 1097 1161 1180 magnitudine
1175 1118 1201 1156 io

148 1205 207 1266 pro
231 1183 329 1248 modo
352 1182 453 1267 fundi,
477 1205 516 1248 ex
539 1205 603 1249 una
624 1185 713 1267 parti
732 1186 890 1269 apertum,
914 1188 947 1248 et
964 1185 997 1248 id
1015 1186 1056 1248 ab
1077 1207 1161 1270 area,

148 1292 211 1354 quo
237 1276 269 1335 et
291 1272 325 1335 in
347 1272 499 1336 trituram
523 1294 676 1357 proruere
699 1273 794 1337 facile
816 1272 924 1355 possis
947 1277 988 1357 et,
1017 1274 1045 1337 si
1067 1274 1162 1338 nubi·

147 1361 213 1424 lare
237 1361 352 1443 coepit,
375 1360 450 1425 inde
473 1364 510 1425 ut
532 1383 643 1426 rursus
668 1361 814 1442 celeriter
834 1361 962 1425 reicere.
999 1361 1160 1426 fenestras

147 1448 266 1513 habere
294 1453 424 1533 oportet
446 1472 485 1514 ex
509 1472 547 1514 ea
569 1449 670 1533 parti,
696 1450 781 1514 unde
804 1449 1066 1514 commodissime
1088 1472 1161 1534 per·

117 1537 217 1602 ssflari
240 1538 352 1621 possit.
399 1538 595 1618 Fundanius,
618 1538 839 1620 Fructuosior,
862 1538 976 1620 inquit,
1001 1542 1051 1602 est
1072 1543 1159 1604 certe
1173 1557 1200 1599 rs

21 1623 25 1631 ’
147 1625 266 1690 fundus
290 1629 424 1709 propter
446 1626 604 1706 aedificia,
634 1627 663 1690 si
685 1627 794 1709 potius
818 1625 859 1690 ad
883 1627 1064 1692 anticorum
1088 1627 1160 1692 dili·

146 1715 291 1796 gentiam
314 1736 412 1799 quam
436 1715 477 1778 ad
499 1714 615 1778 horum
638 1715 798 1778 luxuriam
818 1714 944 1799 derigas
963 1715 1160 1780 aedificatio·

146 1823 228 1868 nem.
274 1802 323 1866 illi
356 1803 441 1866 enim
473 1802 637 1866 faciebant
670 1803 709 1866 ad
741 1802 881 1867 fructum
914 1805 1089 1887 rationem,
1125 1805 1160 1869 hi

145 1890 269 1955 faciunt
297 1890 338 1954 ad
366 1889 515 1955 libidines
544 1890 725 1955 indomitas.
771 1892 882 1976 itaque
905 1892 1037 1956 illorum
1059 1893 1160 1958 villae

144 1979 284 2042 rusticae
308 1982 402 2043 erant
425 1980 558 2044 maioris
578 1981 663 2063 preti
682 1984 778 2063 quam
797 1981 949 2064 urbanae,
973 2001 1054 2063 quae
1073 2002 1160 2069 nunc
1174 2002 1204 2048 ao.

145 2071 220 2130 sunt
243 2068 396 2151 pleraque
421 2073 542 2132 contra.
588 2069 656 2134 illic
679 2068 873 2132 laudabatur
895 2069 981 2152 villa,
1009 2070 1038 2133 si
1061 2069 1161 2135 habe-

143 2155 202 2218 bat
225 2156 365 2220 culinam
388 2158 543 2222 rusticam
566 2158 700 2240 bonam,
723 2157 889 2242 praesepis
912 2158 1018 2241 laxas,
1045 2157 1160 2223 cellam

46 2248 49 2253 ’
144 2244 304 2308 vinariam
327 2248 360 2308 et
384 2246 538 2310 oleariam
561 2247 602 2310 ad
630 2246 761 2311 modum
786 2247 857 2329 agri
881 2249 992 2328 aptam
1015 2249 1048 2310 et
1071 2248 1161 2330 pavi-

144 2338 254 2397 mento
282 2335 419 2417 proclivi
446 2335 479 2398 in
509 2336 630 2416 laeum,
658 2334 743 2418 quod
772 2355 881 2416 saepe,
913 2335 968 2398 ubi
991 2336 1160 2400 conditum

143 2443 264 2486 novum
282 2422 402 2507 vinum,
425 2445 520 2488 orcae
537 2422 572 2487 iu
591 2422 751 2507 Hispania
769 2422 896 2487 fervore
920 2423 1020 2486 musti
1042 2427 1159 2507 ruptae
1173 2443 1199 2485 ss

144 2531 248 2593 neque
276 2533 341 2575 non
366 2512 459 2576 dolea
486 2512 520 2575 in
543 2511 648 2575 Italia.
694 2511 773 2575 item
798 2516 906 2575 cetera
931 2514 968 2575 ut
991 2516 1101 2576 essent
1125 2514 1159 2577 in

144 2598 222 2663 villa
235 2598 368 2663 huiusce
382 2598 480 2681 modi,
498 2620 579 2682 quae
594 2600 721 2663 cultura
740 2603 916 2684 quaereret,
935 2600 1159 2682 providebant

116 2695 230 2750 lnunc
253 2692 367 2751 contra
389 2687 501 2751 villam
526 2687 683 2751 urbanam
707 2709 805 2772 quam
826 2689 999 2752 maximam
1019 2710 1056 2753 ac
1075 2689 1157 2773 poli·

144 2774 305 2838 tissimum
335 2774 480 2838 habeant
512 2775 591 2838 dant
623 2798 753 2859 operam
787 2798 825 2840 ac
857 2798 930 2840 cum
962 2776 1087 2841 Metelli
1120 2800 1159 2844 ac

234 2965 410 3020 lconfaeuit
498 2967 643 3036 bpossint
734 2972 765 3021 12
784 2967 815 3021 in
833 2967 935 3022 tritura
1031 2973 1064 3023 16
1084 2967 1156 3023 anti-

144 3053 261 3104 quorum
281 3036 447 3104 (anticorum
461 3039 518 3093 cod.
532 3039 612 3106 Por.)
669 3044 701 3093 18
720 3038 843 3092 fructum
861 3039 1014 3108 (fruetuum
1030 3040 1158 3107 plurima

143 3109 315 3177 apoprapua)
387 3107 430 3179 hi]
450 3109 496 3161 hie
559 3115 594 3163 20
611 3109 697 3178 pretii
750 3114 784 3163 22
803 3110 956 3179 praesepiis
1011 3114 1046 3163 24
1065 3110 1155 3182 quod]

144 3179 213 3245 quot
284 3182 319 3232 25
337 3177 367 3231 in
385 3179 543 3250 hispaniam
615 3186 650 3234 27
669 3180 785 3249 quaeret
856 3186 890 3234 29
909 3179 1019 3234 mctalli

233 3361 246 3408 1
267 3355 424 3410 confracuit
441 3355 563 3426 Scalipcr
663 3362 679 3410 5
697 3356 815 3425 possunt
833 3357 981 3411 Iucundos
1073 3362 1105 3411 12
1126 3357 1157 3412 in

142 3423 273 3479 trituram
292 3444 309 3481 u
382 3433 415 3482 18
433 3428 464 3481 hi
482 3428 589 3481 faciunt
607 3444 623 3480 o
679 3432 713 3482 25
732 3428 761 3480 in
779 3427 915 3497 Hispania
932 3444 949 3481 u
1016 3433 1050 3482 27
1071 3444 1156 3496 quae·

141 3499 217 3551 reret
234 3498 383 3553 Iucundos
456 3503 489 3554 29
509 3497 617 3553 metelli
636 3499 693 3553 cod.
714 3499 782 3554 Pur.
