2452 3938
106 145 148 209 72
286 217 288 221 .
513 143 700 201 VARRONIS

103 291 289 355 habuerunt
319 290 354 354 in
376 290 476 374 Epiro
501 282 651 374 magnas,
679 293 751 355 tum
774 291 847 355 cnm
870 290 1009 374 piratico
1032 292 1104 356 bell

67 426 69 430 »
104 380 189 444 inter
207 378 325 446 Delum
350 383 383 444 et
404 378 546 444 Siciliam
566 378 719 444 Graeciae
743 380 902 445 classibus
925 402 1104 465 praeessem

27 537 29 541 ,
105 469 261 552 incipiam
284 468 387 532 hinc*

82 573 96 627 1
195 554 275 621 Oum
296 555 443 622 Menates
462 555 673 640 discessisset,
697 553 864 621 Cossinius
884 556 974 638 mihi,
996 555 1102 622 Nost

104 668 170 712 non
195 645 409 730 dimittemus,
431 645 548 729 inquit,
571 648 743 728 antequam
767 644 824 709 illa
847 645 912 710 tria
934 645 1104 730 explicaris

106 756 187 818 quae
219 756 371 817 coeperas
399 755 503 817 nuper
531 734 648 817 dicere,
679 753 748 798 cum
776 756 886 798 sumus
910 734 1104 818 interpellat.

106 824 196 900 Quae
228 821 314 887 tria?
346 822 453 907 inquit
485 821 640 904 Murrius,
674 844 715 886 an
749 844 787 887 ea
819 844 900 906 qnae
929 823 1012 887 mihi
1044 823 1102 888 her

105 912 216 976 dixisti
241 911 279 975 de
302 911 479 996 pastoricia
502 910 558 974 re?
595 911 678 994 Ista,
705 911 811 994 inquit
838 912 910 993 ille,
938 932 1021 995 qnae
1051 934 1104 977 coe

105 1004 199 1085 perat
227 1000 281 1063 hic
311 1000 481 1083 disserere,
508 1021 589 1083 quae
613 1003 698 1064 esset
721 1000 829 1084 origo,
861 1021 943 1085 quae
968 1000 1104 1085 digniter

106 1111 187 1173 qnae
217 1110 284 1170 ars,
326 1109 398 1151 cum
427 1088 449 1167 †
476 1092 608 1171 poetam
638 1109 744 1152 sesum
777 1088 882 1152 visere
910 1089 1104 1155 venissemus

76 1178 170 1245 2nisi
200 1176 316 1240 medici
348 1176 506 1241 adventus
536 1198 596 1240 nos
626 1177 814 1260 inpedisset.
859 1176 932 1262 Ego
957 1200 1049 1258 vero,
1072 1180 1104 1243 in

108 1287 214 1350 quam,
237 1265 342 1330 dicam
361 1266 530 1336 dumtaxat
550 1265 634 1350 quod
654 1268 704 1329 est
722 1265 913 1349 historicon,
936 1266 975 1330 de
994 1267 1102 1332 duabu

105 1355 202 1419 rebus
225 1354 339 1438 primis
364 1376 445 1438 quae
469 1354 587 1438 accepi,
611 1355 650 1418 de
674 1353 800 1439 origine
824 1358 857 1418 et
876 1355 1045 1440 dignitate.
1083 1355 1104 1420 d

105 1443 205 1508 tertia
222 1446 325 1528 parte,
348 1443 405 1508 ubi
425 1447 475 1508 est
493 1443 532 1507 de
551 1447 630 1527 arte,
654 1440 766 1507 Scrofa
786 1443 948 1528 suscipiet,
970 1448 1007 1508 ut
1026 1445 1105 1509 semi

105 1533 230 1616 graecis
258 1533 445 1617 pastoribus
474 1532 579 1596 dicam
607 1552 734 1616 graece,
763 1530 799 1608 ὅς
820 1529 881 1618 πέρ
905 1555 972 1615 μου
994 1535 1104 1598 aolttr

104 1619 260 1704 ἀμείνων.
305 1642 382 1685 narn
404 1622 432 1685 is
454 1621 610 1705 magister
629 1618 663 1686 O.
683 1620 788 1684 Lucili
806 1619 907 1699 Hirri,
930 1623 1045 1705 generi
1064 1623 1104 1686 tui

106 1711 196 1774 cuius
225 1708 354 1772 nobiles
391 1709 562 1792 pecuariae
594 1708 629 1773 in
660 1708 800 1774 Bruttiis
834 1709 1006 1776 habentur.
1059 1710 1104 1776 Se<

105 1796 186 1861 haec
209 1797 257 1859 ita
281 1819 300 1860 a
323 1798 418 1861 nobis
443 1797 617 1880 accipietis,
640 1797 747 1881 inquit
769 1796 890 1882 Scrofa,
914 1802 950 1862 ut
973 1820 1044 1882 vos,
1068 1822 1104 1884 qu

106 1884 185 1950 estis
200 1883 361 1968 Epirotici
374 1885 546 1970 pecuariae
561 1885 714 1970 athletae,
731 1888 983 1951 remuneremini
1003 1910 1065 1953 nos
1084 1911 1104 1952 a

107 1996 188 2058 quae
212 1972 302 2038 scitis
325 1973 498 2056 proferatis
521 1974 555 2038 in
579 1974 730 2040 medium.
771 1997 866 2040 nemo
896 1977 982 2040 enim
1010 1978 1104 2042 omnir

73 2067 214 2147 3potest
242 2063 332 2128 scire.
383 2061 465 2128 (lum
494 2063 690 2146 accepissem
718 2064 940 2129 condicionem
970 2069 1003 2129 et
1031 2088 1104 2131 mea

105 2155 216 2234 partes
241 2155 349 2215 essent
379 2153 517 2236 primae,
544 2174 611 2216 non
634 2174 698 2236 quo
721 2175 786 2217 non
810 2173 871 2237 ego
894 2155 1065 2237 pecuarias
1087 2156 1104 2219 ir

104 2239 203 2304 Italia
230 2239 381 2319 habeam,
410 2240 466 2306 sed
493 2262 560 2305 non
588 2262 700 2305 omnes
729 2241 783 2325 qui
813 2242 937 2306 habent
960 2243 1104 2308 citharas

106 2332 181 2392 sunt
200 2328 393 2395 citharoedi:
416 2328 531 2414 Igitur,
548 2329 692 2414 inquam,
711 2333 744 2394 et
762 2330 909 2395 homines
929 2335 962 2394 et
979 2333 1102 2415 pecude

194 2539 363 2607 tincipiam
391 2539 456 2593 hinc
483 2538 545 2593 ΗΙΟ
572 2537 839 2593 INTERMISIMVS
868 2555 932 2593 oum
960 2543 1089 2596 menates

104 2614 223 2663 4nosse
246 2627 302 2664 non
326 2608 506 2664 demittemus
614 2609 700 2664 oilla
717 2609 774 2665 tria
799 2610 865 2679 (tria
888 2610 940 2664 illa
957 2614 1104 2682 apoyrople

103 2680 247 2735 munuca.
289 2680 340 2734 illa
367 2679 423 2734 tria
450 2697 518 2736 corr.
542 2680 597 2736 tria
624 2681 675 2734 illa
701 2683 734 2735 a'a
762 2682 905 2751 archetypo
932 2682 1020 2748 faisse
1047 2685 1104 2738 vide

103 2753 159 2816 teor)
255 2757 355 2805 tcum
373 2767 424 2806 om.
527 2752 616 2806 Siste
634 2750 718 2821 (insta
741 2751 780 2820 V)
870 2750 974 2824 inquit]
996 2771 1033 2808 an
1053 2754 1104 2822 qui<

103 2818 208 2888 (inquit
227 2821 352 2890 plurima
370 2824 544 2892 apoprapto,
569 2839 605 2875 an
624 2821 692 2891 quid
711 2822 770 2879 Pol.
790 2827 814 2877 et
833 2825 889 2878 cod.
909 2823 1002 2891 Flcr.)
1086 2831 1104 2878 11

103 2907 166 2944 cum
189 2895 303 2960 poetam
327 2892 399 2963 epp]
427 2897 520 2947 notam
548 2895 702 2961 adpositam
730 2909 784 2948 esse
806 2895 950 2949 adnotavit
979 2894 1104 2950 Victoria

105 2968 135 3015 11
156 2960 222 3032 nisi]
243 2979 278 3016 ne
332 2962 480 3018 inredisset
535 2969 567 3019 15
586 2965 709 3018 ΟΟΠΕΡ
734 2964 975 3019 ΜΟΥΤΙΟΛΛΟΝ
991 2968 1104 3022 merso

103 3034 162 3087 cod.
183 3033 263 3102 Par,
282 3027 352 3103 ὅπερ
371 3054 424 3104 μου
443 3031 547 3090 πολλὸν
566 3029 673 3104 ἀμείνω
695 3034 756 3090 Pol.
846 3042 879 3090 16
899 3053 913 3090 c
932 3037 1024 3091 lucilli
1044 3038 1104 3106 hipr

105 3109 137 3158 19
156 3103 397 3173 peccariathietae
501 3111 534 3162 21
554 3106 746 3161 conditionem
846 3114 879 3160 22
898 3106 928 3161 in
946 3107 1059 3162 italiam
1078 3107 1104 3178 (ir

68 3216 75 3224 .
102 3173 187 3229 ltalia
210 3174 249 3244 V)
353 3181 388 3231 24
405 3193 477 3247 pecu
495 3194 559 3232 cum
579 3175 668 3246 (pecd'
689 3195 752 3232 cnm
770 3179 828 3232 cod.
849 3179 928 3247 Par,
945 3195 1036 3248 pecua
1055 3197 1104 3235 cun

101 3284 316 3295 —-—————-

192 3359 209 3406 4
227 3356 309 3407 noste
327 3370 384 3407 non
403 3353 584 3408 demittemus
603 3355 660 3408 cod.
681 3354 746 3408 Por.
810 3327 840 3409 46
861 3371 924 3407 cum
943 3372 1040 3409 snmus
1059 3356 1104 3409 Aa

102 3423 191 3490 pelias
265 3430 297 3478 10
315 3423 433 3478 Paetum
451 3425 556 3479 fessum
579 3424 696 3479 Ursinus
761 3432 791 3478 11
812 3422 978 3494 impedisset
1001 3424 1104 3482 Ursino

106 3499 140 3546 16
160 3493 188 3548 0.
207 3492 300 3549 Lucili
317 3494 394 3549 Hirri
412 3496 600 3566 Nipperdeias
618 3497 650 3550 iu
670 3495 777 3551 (laesor.
793 3513 823 3566 p.
839 3501 895 3551 136
