2452 3938
154 115 197 180 96
562 111 750 168 VARRONIS

155 281 269 325 acervo
292 259 451 342 positum,
478 262 512 322 et
534 258 641 341 plures
669 256 797 322 facilius
820 257 986 322 accedunt.
1032 256 1104 322 ideo
1129 256 1167 321 ad

154 349 306 413 bucinam
329 347 499 412 convenire
522 347 680 430 dicuntur,
707 350 744 411 ut
767 345 912 411 silvestri
934 347 1007 411 loco
1032 345 1167 429 dispersi

103 444 143 502 21
156 459 197 502 ne
221 437 414 521 dispereant.
458 438 641 500 castrantur
663 456 771 500 verres
795 434 1056 499 commodissime
1080 433 1168 499 anni-

155 524 234 608 culi,
266 526 377 608 ntique
404 545 444 588 ne
472 524 613 589 minores
642 543 738 606 quam
768 526 953 588 semestres:
990 544 1053 607 quo
1081 521 1168 586 facto

155 635 272 681 nomen
296 616 426 678 mutant
448 616 544 696 atque
567 634 584 676 e
608 612 752 676 versibus
776 612 927 677 dicuntur
950 611 1092 676 maiales.
1131 611 1199 675 des

156 703 295 768 sanitate
315 723 408 766 suum
426 723 527 765 unum
546 700 642 765 modo
662 701 800 784 exempli
813 722 911 766 eausa
925 700 1039 766 dicam.
1063 700 1169 783 porcis

155 791 352 856 lactentibus
380 790 408 854 si
436 789 542 855 scrofa
569 790 621 854 lac
647 810 714 854 non
736 792 846 873 potest
869 789 1085 872 suppeditare,
1114 788 1169 853 tri·

156 882 258 946 ticnm
276 879 407 944 frictum
425 879 496 942 dari
514 881 644 960 oportet
658 875 807 964 (crudum
826 878 913 941 enim
932 877 1033 943 solvit
1048 874 1169 960 alvom)

157 970 208 1034 vel
240 968 396 1032 hordeum
425 967 509 1031 obici
542 988 580 1030 ex
611 987 707 1050 aqua,
740 966 845 1050 quaad
872 966 953 1030 fiant
980 965 1169 1030 trimestres.

104 1059 197 1122 22de
228 1077 363 1120 numero
395 1055 429 1118 in
460 1057 589 1120 centum
617 1076 689 1119 sues
717 1053 826 1119 decem
854 1075 961 1119 verres
991 1055 1071 1118 satis
1101 1074 1198 1118 essen

157 1149 288 1231 putant:
312 1142 441 1227 quidam
460 1144 558 1208 etiam
577 1143 653 1207 hinc
671 1142 813 1207 demunt.
851 1163 966 1228 greges
986 1143 1169 1224 [maiorum]

157 1232 380 1316 inaequabiles
414 1231 549 1317 habent,
578 1231 642 1296 'sed
674 1252 735 1316 ego
769 1230 930 1296 modicum
958 1235 1038 1315 puto
1068 1237 1169 1296 cente

157 1322 300 1386 narium:
338 1320 464 1405 aliquot
487 1321 626 1385 maiores
648 1320 780 1404 faciunt,
811 1321 859 1384 ita
881 1322 918 1385 ut
940 1323 991 1384 ter
1015 1318 1170 1405 quinqua·

159 1432 259 1497 genos
283 1410 433 1473 habeant.
479 1430 650 1492 porcorum
676 1428 805 1492 gregem
832 1409 887 1474 alii
911 1408 1087 1493 duplicant,
1118 1407 1169 1472 alii

159 1500 258 1564 etiam
276 1498 432 1563 maiorem
450 1497 581 1562 faciunt
609 1497 716 1562 minor
733 1517 812 1582 grex
831 1519 928 1582 quam
947 1497 1052 1561 maior
1067 1496 1196 1560 minues

160 1591 379 1670 sumptuosus,
403 1585 487 1670 quod
510 1586 644 1651 comites
668 1586 820 1650 subulcus
842 1585 1010 1669 pauciores
1039 1585 1168 1670 quaerit

158 1677 269 1759 itaque
298 1673 407 1758 gregis
435 1695 606 1738 numerum
634 1678 748 1758 pastor
776 1675 817 1738 ab
846 1696 905 1760 sua
933 1672 1078 1738 utilitate
1102 1694 1168 1739 con·
1225 1695 1226 1709 ¹

161 1763 280 1847 stituit,
307 1783 372 1826 non
401 1762 512 1846 utique
540 1765 620 1847 quot
646 1783 754 1827 verres
782 1761 920 1827 habeat:
957 1761 990 1826 id
1019 1762 1106 1827 enim
1133 1762 1169 1826 ab

160 1855 287 1916 natura·
301 1850 501 1915 sumendum.

135 1955 160 2011 v
250 1938 340 2005 Haec
366 1939 427 2003 hie.
479 1944 513 2003 at
540 1939 678 2016 Quintus
706 1937 864 2005 Lucienus
898 1942 1044 2022 senator,
1075 1938 1197 2004 homos
1225 1936 1226 1990 l

163 2030 310 2114 quamvis
333 2028 494 2092 humanus
513 2050 550 2092 ac
569 2029 706 2111 iocosns,
728 2027 895 2112 introiens,
917 2027 1090 2091 familiaris
1110 2049 1171 2092 om·
1225 2102 1226 2119 ,

162 2117 253 2181 nium
277 2121 435 2200 nostrum,
459 2114 685 2201 Synepirotae,
712 2117 831 2200 inquit,
859 2119 1004 2201 χαίρετε,
1028 2113 1172 2181 Scrofam

163 2206 249 2269 enim
277 2209 310 2270 et
337 2205 518 2269 Varronem
545 2209 709 2287 nostrum,
743 2205 875 2288 [inquit]
904 2200 1047 2289 ποιμένα
1077 2204 1174 2287 λαῶν,

163 2315 259 2358 mane
283 2293 431 2358 salutavi.
478 2291 560 2359 Cum
584 2293 666 2358 alius
690 2315 763 2358 eum
787 2294 970 2377 salutasset,
994 2291 1078 2358 alius
1103 2314 1172 2358 eou-

162 2383 298 2448 vieiatus
322 2385 421 2466 esset,
448 2384 504 2466 qui
532 2386 607 2446 tam
632 2403 702 2447 sero
726 2381 868 2447 venisset
890 2382 930 2447 ad
954 2383 1201 2464 constitutum,a

162 2471 289 2537 Videbo
318 2472 384 2534 iam
410 2492 482 2555 vos,
512 2471 630 2554 inquit,
657 2470 853 2554 balatrones,
881 2473 914 2535 et
941 2471 1003 2535 hoc
1031 2469 1174 2534 adferam

164 2581 272 2624 meum
296 2559 418 2623 corium
442 2562 474 2623 et
497 2560 608 2644 flagra.
653 2562 689 2623 tu
713 2581 798 2642 vero,
820 2558 932 2643 Murri,
955 2559 1029 2624 veni
1053 2560 1100 2623 mi
1124 2558 1175 2624 ad·

164 2651 312 2731 vocatus,
345 2646 421 2710 dum
455 2669 542 2712 asses
576 2649 667 2737 solvo
695 2646 847 2732 Laribus,
881 2649 909 2712 si
936 2651 1052 2731 postea
1081 2670 1100 2713 a
1127 2667 1175 2711 me

254 2829 269 2874 2
289 2820 431 2892 bucinam]
451 2819 599 2877 duodecim
618 2822 687 2888 Pol,
706 2821 861 2876 duodecem
875 2822 1003 2891 plurimu
1017 2822 1177 2892 apographa

164 2897 187 2945 4‘
205 2895 371 2947 semestres
467 2899 482 2947 6
511 2908 594 2962 poros
621 2890 725 2962 (porcis
747 2894 872 2964 plurima
896 2893 1072 2964 apographa,
1096 2908 1178 2962 poros

167 2964 227 3018 Pol.
247 2969 272 3018 et
289 2965 346 3019 cod.
366 2962 457 3032 Flor.)
531 2969 564 3017 13
584 2963 698 3032 aliquod
772 2965 1091 3032 erubescebamus
1111 2963 1178 3028 Pol,

165 3034 201 3090 ab
227 3051 277 3089 sua
302 3035 343 3089 cel
365 3050 383 3087 a
406 3050 457 3088 sua
480 3035 546 3088 libri
570 3051 656 3089 manu
673 3035 782 3104 scripte)
874 3041 907 3090 18
931 3034 1029 3102 utique
1048 3033 1130 3105 quot]
1149 3035 1179 3086 nt

165 3105 242 3173 quod
326 3110 361 3158 20
379 3105 422 3176 at]
442 3104 479 3158 ad
564 3106 611 3177 22]
632 3104 802 3175 sinepirotae
826 3104 919 3174 inquit
938 3105 1051 3160 charete
1071 3107 1100 3160 et
1118 3120 1179 3158 uar-

165 3191 264 3230 ronem
299 3176 425 3230 nostrum
462 3174 562 3245 inquid
592 3175 797 3246 poemenalaon
829 3175 949 3231 scrofam
981 3175 1056 3230 enim
1088 3191 1177 3230 mane.

166 3247 257 3371 mepgti
273 3252 367 3301 uotum
385 3247 539 3315 adpositam
557 3263 612 3302 esse
630 3249 773 3304 adnotavit
796 3247 933 3303 Victorius
995 3253 1029 3302 28
1049 3244 1176 3316 Laribus]

166 3335 225 3387 pa1
244 3335 278 3371 us

257 3464 271 3512 1
290 3459 327 3512 ad
345 3458 477 3515 bucinam
496 3458 645 3514 conuenire
669 3459 786 3515 Ursinus
856 3476 860 3483 ·
