2452 3938
155 192 159 201 =
262 169 392 225 RERVM
410 169 646 226 RVSTICARVM
663 169 728 224 LIB.
743 168 769 223 II
784 175 888 224 10-11
1016 169 1078 235 117

62 316 182 401 quibus
204 317 240 380 in
263 315 396 381 stabula
419 317 526 381 solent
549 336 648 399 equus
672 315 812 400 abigere,
842 319 880 380 nt
902 316 936 379 in
959 315 1080 401 Apulia

63 409 97 470 et
118 405 156 469 in
178 403 325 470 Lucania
349 404 468 470 eccidit
490 426 595 488 saepe.

153 493 315 571 Quoniam
338 493 499 577 promissa
522 492 729 573 absolvimus,
751 493 867 577 inquii,
891 515 1011 558 eamus.
1044 492 1079 559 Si
1093 507 1133 562 XI

62 581 203 667 quidem,
220 583 364 667 inquam,
383 581 566 647 adieceritis
586 581 625 646 de
644 582 900 648 extraordinario
920 583 1079 666 pecudum

37 671 184 756 sfruciu,
210 676 246 736 ui
274 671 475 755 praedictum
498 674 561 749 esi,
591 670 736 735 delecte
760 670 796 735 in
819 691 856 735 ec
881 675 914 735 ei
935 676 1078 737 tonsure.

60 759 161 825 Lacte
188 763 241 824 esi
268 758 414 825 omnium
440 780 561 843 rerum,
596 781 676 843 quus
704 759 769 825 cibi
796 780 895 824 ceusu
922 760 1079 845 capimus,

61 847 257 934 liquentium
279 849 420 913 maxime
443 849 568 932 elibile,
595 853 628 913 ei
651 848 684 912 id
707 849 852 933 ovillum,
879 847 953 914 dein
976 849 1079 934 cupri·

60 960 149 1003 num.
196 937 281 1020 qucd
308 941 417 1003 autem
444 937 584 1002 maxime
612 941 803 1024 perpurget,
833 941 884 1003 esi
915 938 1079 1022 equinum,

59 1030 132 1091 tum
166 1025 343 1109 asininum,
376 1027 451 1091 dein
482 1027 653 1110 bubulum,
685 1030 756 1091 tum
788 1027 967 1111 caprinum.
1022 1025 1108 1092 sedi

13 1116 180 1199 ,chorum
211 1118 286 1180 suut
312 1114 501 1180 discrimina
528 1115 688 1199 quaedum
716 1120 750 1181 ei
773 1138 793 1181 s
816 1115 1020 1201 pastionibus
1046 1119 1079 1180 ei

62 1226 81 1269 e
103 1203 265 1288 pecudum
287 1207 404 1269 natura
427 1208 460 1268 ei
483 1205 524 1268 ab
549 1208 636 1268 ortu:
661 1227 680 1269 u
701 1205 916 1288 pastionibus,
937 1206 1019 1287 quod
1038 1206 1082 1270 ud

60 1293 209 1358 ciendum
226 1293 302 1357 utile
320 1293 406 1377 quud
428 1293 467 1357 fit
490 1293 531 1357 ab
554 1293 677 1357 hordeo
701 1299 734 1356 ei
757 1295 866 1377 stupla
889 1297 922 1357 ei
945 1293 1078 1358 omnino

61 1381 154 1446 arido
184 1384 217 1446 ei
243 1381 338 1445 firmo
367 1381 439 1446 cibo
467 1381 588 1465 pecude
611 1384 720 1465 pasta,
754 1380 795 1444 ed
817 1382 1080 1466 perpurgendum

59 1469 100 1534 ub
133 1491 185 1553 ea,
218 1491 299 1552 quae
327 1490 347 1533 e
375 1469 470 1534 viridi
496 1472 605 1554 pasis,
638 1491 676 1534 eo
705 1468 826 1554 magis,
859 1471 887 1533 si
914 1469 1013 1534 fueris
1041 1490 1080 1533 ex

22 1583 46 1626 u
60 1558 185 1642 herbis,
207 1579 288 1642 quae
312 1559 403 1642 ipsae
427 1562 576 1641 sumpiae
599 1579 797 1642 perpurgare
818 1558 924 1622 soient
943 1578 1081 1642 corpore

60 1649 191 1713 nostru:
216 1669 235 1711 a
257 1648 416 1731 pecudum
439 1651 567 1732 nature,
589 1647 674 1732 quod
697 1648 749 1712 lec
772 1647 887 1711 melius
912 1648 962 1711 esi
985 1668 1005 1710 e
1027 1669 1081 1712 va·

61 1736 206 1801 lentibus
235 1739 269 1799 ei
296 1736 337 1800 ab
366 1736 417 1800 his
441 1757 523 1820 quae
546 1737 691 1801 nondum
714 1738 838 1802 veteres
862 1739 952 1814 sunt,
982 1758 1080 1821 quam

61 1825 93 1890 si
120 1827 172 1890 esi
198 1827 387 1890 contrua
413 1826 590 1927 mulgendo
619 1829 715 1911 etque
743 1828 817 1890 ortu
847 1826 1007 1910 optimum
1031 1827 1082 1890 esi

59 1914 96 1978 id
119 1913 206 1998 quod
228 1934 332 1996 neque
355 1913 493 1978 nimium
516 1916 613 1999 longe
637 1917 731 1979 abest
754 1915 903 1978 emulso
927 1934 1031 2015 neque
1062 1935 1081 1976 u

18 2026 46 2068 uc
60 2007 140 2091 part
140 2023 163 2065 u
126 2001 339 2066 tconiinuo
363 2005 414 2067 esi
437 2007 545 2085 sumpt
546 2025 609 2066 um.
656 2025 695 2068 ex
724 2001 787 2068 hcc
809 2003 893 2066 lucie
917 2001 1003 2065 casei
1026 2001 1111 2085 qui3

61 2084 156 2174 flunt,
133 2089 314 2155 tmuximi
333 2091 397 2155 cibi
416 2093 493 2154 suni
511 2089 623 2154 bubuli
643 2090 750 2174 etqui
770 2089 992 2154 difficillimei
977 2093 1081 2154 trans-

62 2182 144 2244 eunt
171 2179 306 2263 sumpti,
340 2179 479 2244 secundo
508 2178 611 2262 ovilli,
640 2178 767 2242 minimi
794 2179 860 2244 cibi
888 2181 923 2242 et
951 2180 1006 2262 qui
1034 2178 1082 2242 fa-

63 2267 187 2332 cillime
220 2267 361 2332 deiciunt
347 2271 401 2332 tur
433 2267 567 2351 caprini.
620 2269 654 2330 ei
685 2267 783 2331 eiiam
816 2270 867 2331 esi
899 2266 1083 2350 discrimen,

62 2360 175 2421 utrum
198 2356 284 2420 casei
307 2357 423 2421 molles
448 2377 486 2420 ec
508 2360 654 2420 recentes
678 2355 752 2438 sini,
776 2377 818 2419 an
841 2355 923 2418 aridi
945 2358 979 2418 ei
996 2358 1082 2419 vete-

19 2469 48 2512 ιιι
64 2465 133 2528 res,
162 2466 235 2510 cum
263 2446 378 2510 molles
410 2445 475 2508 sint
504 2445 630 2597 magist
633 2443 810 2526 alibilesf
801 2466 836 2507 ιιι
860 2464 993 2526 corpore
1016 2463 1083 2506 non

62 2532 200 2617 resides,
228 2536 283 2599 vei
284 2555 354 2598 eres
383 2537 416 2599 ei
401 2533 526 2598 iaridi
554 2537 630 2597 coni
630 2556 676 2597 ra.
723 2554 852 2598 caseum
875 2529 1113 2597 fecere1nc14

61 2622 162 2705 pinni
191 2645 211 2686 e
239 2623 383 2706 vergiliis
414 2623 520 2686 vernis
545 2622 665 2687 exortis
690 2621 730 2686 ad
754 2624 823 2686 sest
826 2621 896 2686 ivus
920 2619 1082 2706 vergilias.

62 2710 216 2793 mulgent
237 2733 312 2776 vere
340 2711 381 2775 ud
404 2732 534 2776 caseum
557 2711 743 2776 faciundum
766 2732 875 2796 mene,
906 2709 1019 2774 aliisi
1004 2712 1083 2773 iem·

156 2865 204 2920 1
194 2884 225 2920 ιιι
248 2867 375 2938 stabula]
401 2867 539 2923 stabulari
610 2874 626 2921 2
649 2867 680 2922 in
704 2866 823 2923 luce-niis
846 2867 886 2937 (in
911 2833 1019 2922 lucanis
1044 2865 1082 2932 V)

63 2939 133 2994 but
151 2953 202 2992 ceu.
246 2939 364 2992 tonsure
381 2939 464 2993 lunae
484 2942 528 2995 est
546 2939 670 2994 omnium
716 2937 821 3010 coibi]
840 2937 920 2993 cibili
970 2936 1069 2993 'ldein

62 3009 94 3063 in
113 3010 211 3078 priore
233 3009 290 3064 ioco
363 3012 395 3063 11
420 3011 456 3064 ab
481 3010 557 3080 criu]
581 3027 599 3064 u
621 3009 701 3065 moin
773 3008 989 3132 upasticniipps
1007 3022 1062 3075 quo

61 3080 157 3220 {231¹}
179 3080 265 3205 idn
289 3150 323 3216 e
339 3081 437 3206 {2223}
455 3083 747 3218 eddredus?
760 3092 1084 3219 ιῗὲἓέῗῗὲιρὲἓιὲἓ

63 3237 138 3288 quue
166 3222 227 3292 ipso
254 3224 347 3277 mendi
372 3227 440 3277 uota
467 3192 597 3291 aspicite
670 3228 703 3277 1⁷
730 3167 950 3292 nundumi'ncn
978 3218 1083 3273 dudum

64 3298 97 3346 18
118 3291 212 3362 adque
286 3297 319 3346 19
337 3292 467 3364 nimium]
486 3293 561 3347 enim
581 3310 644 3349 cum

154 3455 223 3507 uui
240 3450 418 3523 praedictum
437 3452 480 3506 ese
502 3452 641 3508 Vietceius
713 3453 743 3506 et
760 3454 877 3507 tonsure
890 3450 994 3505 lenae.
1009 3449 1084 3505 lecte

64 3527 107 3579 est
131 3471 258 3580 Ursinus
320 3529 336 3580 6
355 3522 413 3578 cibi
431 3539 517 3579 ceusu
535 3524 684 3580 Iueeuedus
757 3529 789 3578 17
809 3539 882 3591 quee
900 3522 1057 3576 nondumu
