2452 3938
160 166 203 228 32
242 232 246 239 ι
493 238 498 247 Ι
568 114 754 218 vuaaonis

74 383 79 393 ,
161 310 264 375 fossa:
288 331 343 375 eos
367 309 496 394 quidam
522 313 640 375 vocant
663 331 781 394 muros,
804 313 841 374 ut
862 310 896 373 in
920 331 999 395 agro
1022 309 1175 379 Reatino.

127 382 313 482 4quartum
327 399 443 463 fabrile
463 400 700 483 saepimentum
720 402 771 463 est
782 399 1006 481 novisimum‚
1025 401 1174 465 maceria.

160 488 256 552 huius
284 488 351 552 fere
380 487 503 571 speeies
532 491 699 572 quattuor,
727 487 813 570 quod
841 488 923 551 fiunt
946 509 963 551 e
986 487 1110 572 lapide,
1139 493 1176 553 ut

160 577 195 639 in
228 596 308 660 agro
342 576 539 659 Tusculano,
572 576 658 659 quod
687 597 704 640 e
731 575 887 639 lateribus
920 576 1107 671 mutilibus,
1138 580 1175 641 ut

160 685 298 834 att?
317 663 466 838 titt
488 665 576 817 tt}
600 665 1175 838 t¹ttittt{tarditat
1199 685 1210 726 ⁵

162 843 255 906 utin
278 841 439 925 Hispania
462 845 495 906 et
518 862 597 926 agro
617 841 805 906 Tarentino.

100 944 152 1000 XV
251 929 423 995 Praeterea
456 931 524 993 sine
558 930 679 1014 saeptis
711 930 793 992 fines
825 929 938 1012 praedi
972 929 1100 996 satione
1128 953 1176 996 ar·

163 1020 278 1083 borum
304 1019 443 1082 tutiores
471 1019 567 1101 fiunt,
594 1039 636 1081 ne
661 1018 804 1082 familiae
827 1018 935 1082 rixent
963 1040 1036 1083 oum
1059 1019 1175 1084 vicinis

161 1128 200 1171 ao
227 1107 350 1170 limites
379 1128 417 1171 ex
449 1107 563 1171 litibus
596 1106 733 1171 iudicem
762 1110 930 1189 quaerant.
981 1111 1093 1172 serunt
1121 1109 1210 1188 aliia

163 1195 284 1258 oiroum
306 1196 416 1279 pinos,
444 1198 481 1259 ut
503 1194 604 1259 habet
627 1216 708 1259 uxor
738 1195 773 1258 in
796 1191 939 1279 Sabinis,
968 1195 1025 1260 alii
1047 1217 1176 1281 cuprea·

163 1304 230 1365 sos,
263 1287 300 1347 ut
328 1304 389 1368 ego
416 1283 517 1347 habui
544 1284 578 1348 in
600 1283 756 1365 Vesuvio,
790 1283 846 1347 alii
874 1284 993 1361 ulmos,
1020 1288 1058 1349 ut
1081 1286 1175 1350 multi

72 1424 77 1433 .
161 1371 284 1436 habent
315 1372 349 1435 in
376 1371 600 1437 Crustumino:
634 1372 749 1456 [quod]
783 1371 840 1435 ubi
870 1371 904 1435 id
934 1374 1024 1456 pote,
1056 1377 1095 1438 ut
1122 1373 1176 1457 ibi,

163 1461 248 1543 quod
272 1464 321 1524 est
344 1462 601 1545 oampus7nulla
623 1460 734 1544 potior
757 1459 902 1542 serenda,
926 1461 1010 1544 quod
1033 1462 1175 1527 maxime

161 1548 338 1633 fructuosa,
362 1551 446 1633 quod
470 1554 502 1615 et
526 1549 664 1614 sustinet
687 1571 781 1632 saepe
801 1566 845 1613 ao·
858 1549 947 1633 cogit
965 1549 1096 1632 aliquot·
1110 1573 1176 1616 eor·
1188 1569 1211 1610 rs

163 1638 257 1701 bulas
291 1659 427 1702 uvarum
461 1641 494 1701 et
523 1637 671 1702 frondem
708 1636 974 1702 iucundissimam
1010 1638 1178 1705 ministrat

164 1725 286 1807 ovibus
308 1747 346 1789 ao
373 1726 478 1789 bubus
507 1747 544 1791 ao
571 1725 681 1809 virgas
709 1726 844 1810 praebet
869 1727 1021 1810 saepibus
1047 1730 1081 1792 et
1103 1728 1176 1794 fooo

149 1836 203 1878 -ae
227 1813 331 1880 furno.

252 1901 379 1985 Scrofa,
405 1899 511 1986 Igitur
533 1901 674 1986 primum
697 1901 790 1985 haec,
814 1924 896 1986 quaa
920 1904 998 1988 dixi,
1023 1907 1178 1988 quattuor

163 1989 301 2055 videnda
328 1990 503 2074 agricolae,
535 1991 573 2054 de
601 1990 693 2054 fundi
715 1989 835 2073 forma,
862 1992 899 2056 de
920 1995 1026 2057 terrae
1049 1995 1212 2079 naturam

89 2093 155 2148 XVI
166 2079 205 2142 de
232 2079 329 2143 modo
358 2078 442 2164 agri,
471 2078 509 2142 de
532 2079 651 2144 finibus
674 2078 812 2145 tuendis.
857 2080 1052 2164 relinquitur
1076 2083 1178 2160 altera

88 2204 100 2227 .
164 2189 250 2250 pars,
269 2170 418 2251 quaeest
437 2170 530 2232 extra
548 2168 692 2251 fundum,
711 2167 800 2232 ouius
820 2168 1012 2253 appendices
1033 2173 1070 2234 et
1085 2171 1178 2237 vehe-

164 2261 291 2320 menter
326 2257 492 2340 pertinent
524 2258 564 2321 ad
599 2257 760 2322 culturam
797 2261 930 2341 propter
966 2258 1177 2324 adfinitatem.

164 2346 232 2408 eius
264 2346 386 2429 speeies
414 2344 564 2411 totidem:
599 2346 627 2410 si
651 2339 761 2410 ‘vicina
789 2345 880 2429 regio
909 2349 959 2409 ast
986 2346 1121 2431 infesta3
1150 2348 1177 2412 si

165 2455 228 2517 quo
256 2455 360 2518 neque
387 2433 511 2498 fructus
537 2437 669 2498 nostros
698 2436 868 2517 exportare
892 2435 1043 2518 expediat
1072 2454 1210 2520 nequeas

163 2521 238 2585 inde
267 2544 349 2606 quae
378 2544 458 2604 opus
488 2527 563 2586 sunt
593 2520 780 2605 adportare3
804 2523 952 2606 tertium,
975 2523 1101 2589 siriae
1124 2527 1177 2589 aut

163 2610 263 2691 fluvii,
287 2632 351 2693 qua
370 2614 526 2693 portetur,
546 2613 686 2674 autnon
706 2614 781 2673 sunt
801 2614 857 2674 aut
875 2611 983 2676 idonei
1000 2634 1068 2677 non
1088 2616 1177 2698 sunt3

165 2703 326 2781 quartum,
346 2697 451 2780 siquid
470 2698 518 2762 ita
536 2702 585 2762 est
603 2698 638 2761 in
657 2699 837 2764 confinibus
857 2699 975 2784 fundis,
998 2703 1036 2766 ut
1053 2702 1176 2768 nostris

132 2786 254 2870 ‘aegris
285 2786 391 2869 prosit
423 2790 480 2850 aut
511 2790 635 2851 nooeat.
686 2786 798 2870 equis
832 2792 986 2871 quattuor
1013 2790 1102 2873 quod
1128 2793 1177 2855 est

255 2982 270 3029 1
288 2975 380 3031 retino
461 2982 477 3031 2
497 2980 632 3046 quantum
651 2979 792 3046 (quartum
811 2981 917 3051 apopr.)
1000 2987 1015 3035 ‘1
1035 2981 1065 3036 in
1084 2982 1177 3053 hispa-

166 3047 230 3102 niae
249 3062 317 3116 agro
390 3054 406 3102 8
425 3051 533 3117 praedii
583 3048 701 3104 sationis
719 3047 795 3103 notis
814 3049 943 3106 arborum
1016 3057 1032 3106 9
1051 3053 1179 3107 rixentur

166 3124 199 3172 13
218 3117 294 3185 quod
316 3117 366 3171 ubi
388 3117 419 3172 id
441 3121 508 3188 pote
530 3122 622 3176 mendi
639 3126 706 3175 nota
724 3121 852 3189 adposita
961 3128 993 3178 15
1012 3139 1127 3194 saepem
1146 3140 1179 3178 ao

165 3188 234 3243 colit
253 3189 366 3256 aliquod
439 3196 473 3244 20
493 3190 527 3246 do
546 3198 610 3248 aare
628 3194 719 3246 terrae
738 3208 788 3249 om.

129 3410 133 3424 ,
255 3370 270 3417 1
288 3366 397 3421 reatino
416 3383 462 3422 mu
553 3374 569 3422 ‘1
588 3367 618 3422 in
636 3367 766 3437 hispania
786 3369 816 3422 et
838 3386 941 3437 agros
1031 3376 1048 3426 8
1068 3371 1178 3426 satione

164 3436 295 3491 arborum
315 3436 497 3494 Schneiderus
586 3446 602 3494 9
621 3439 713 3494 rixent
730 3440 842 3494 Nonius
856 3456 886 3508 p.
906 3444 962 3497 477
1048 3447 1081 3496 15
1102 3442 1179 3512 eogit

164 3506 276 3563 Nonius
291 3524 320 3578 p.
340 3515 395 3565 197
467 3516 501 3565 20
520 3510 554 3565 de
573 3513 664 3567 terrae
683 3511 786 3564 natura
802 3511 957 3567 Pontedera
975 3513 1061 3583 antiq.
1077 3516 1179 3584 p.106
