2452 3938
133 186 176 249 28
544 182 728 239 VARRONIS

134 332 266 396 omnino
300 354 384 416 aqua
414 354 480 397 non
508 335 557 396 est
586 331 672 408 vire,
705 331 864 395 cisternae
891 329 1058 394 faciendae
1087 330 1149 394 sub

133 421 229 486 tectis
258 426 290 486 et
319 422 409 486 lacus
438 421 497 485 sub
528 421 595 503 dic,
627 441 667 483 ex
695 420 797 484 altero
825 420 897 483 loco
925 422 962 482 ut
990 419 1151 500 homines,

74 525 127 580 XII
137 531 174 574 ex
198 511 302 574 altero
325 512 363 574 ut
384 505 481 593 pecus
500 509 550 573 uti
568 509 682 591 possit.
718 507 824 572 danda
844 528 943 591 opera
960 512 997 571 ut
1015 507 1151 591 potissi·

136 621 225 663 mum
249 600 308 663 sub
332 598 493 663 radicibus
513 597 634 661 montis
653 595 814 661 silvestris
832 596 944 660 villam
962 599 1073 679 ponat,
1092 595 1150 660 ubi

133 688 300 770 pastiones
324 688 390 751 sint
412 688 516 769 laxae,
539 687 616 749 item
640 688 812 749 utcontra
835 689 959 768 ventos,
983 685 1039 768 qui
1063 684 1148 748 salu·
1176 706 1189 747 s

133 776 266 839 berrimi
293 776 328 839 in
356 796 434 860 agro
463 775 597 841 flabunt.
638 794 720 855 quae
748 774 858 857 posita
881 776 931 838 est
954 772 994 837 ad
1019 777 1150 838 exortos

135 865 396 948 aequinoctiales,
419 864 598 947 aptissima,
622 861 707 945 quod
728 866 853 926 aestate
871 862 972 926 habet
989 863 1150 946 umbram,

134 952 240 1017 hieme
264 954 375 1018 solem.
412 953 464 1016 sin
487 971 604 1034 cogare
629 950 804 1014 secundum
827 951 946 1015 flumen
969 949 1150 1034 aedificare,

135 1041 312 1105 curandum
339 1062 381 1105 ne
409 1040 577 1104 adversam
605 1060 677 1102 eam
704 1061 822 1121 ponas:
849 1039 956 1103 hieme
984 1039 1080 1117 enim,
1094 1039 1151 1105 fiet

105 1129 340 1194 2vehementer
366 1128 485 1212 frigida
512 1132 545 1191 et
568 1131 691 1191 aestate
718 1148 784 1191 non
809 1128 957 1192 salubris.
1003 1127 1189 1192 animati-10

30 1218 37 1225 ’
81 1258 87 1267 ·
134 1217 324 1281 vertendum
343 1217 451 1300 etiam,
470 1208 564 1300 siqua
583 1220 678 1280 erunt
695 1215 769 1280 loca
782 1216 951 1299 palustria,
970 1219 1008 1280 et
1016 1220 1152 1300 propter

135 1305 265 1369 easdem
289 1327 417 1388 causae,
445 1310 478 1370 et
502 1304 587 1388 quod
611 1306 789 1392 [arescunt]
820 1309 968 1369 crescunt
995 1305 1151 1369 animalia

136 1394 295 1477 quaedam
321 1394 463 1477 minuta,
497 1415 578 1477 quae
606 1408 672 1457 non
706 1397 843 1476 possunt
871 1393 956 1457 oculi
986 1394 1152 1478 consequi,

135 1485 168 1546 et
188 1504 247 1567 per
267 1505 341 1547 aera
359 1483 448 1547 intus
466 1482 501 1546 in
520 1504 635 1566 corpus
655 1503 712 1565 per
732 1504 768 1547 os
788 1503 825 1546 ac
843 1503 938 1545 nares
957 1483 1150 1566 perveniunt

135 1575 232 1654 atque
256 1572 401 1636 efficiunt
419 1571 559 1635 difficilis
578 1571 719 1635 morbos.
756 1569 954 1652 Fundanius,
974 1570 1058 1647 Quid
1076 1574 1188 1655 pot-1⁵

135 1681 203 1742 ero,
232 1661 351 1743 inquit,
379 1660 499 1741 facere,
524 1659 553 1722 si
575 1658 670 1722 istius
700 1658 789 1722 modi
812 1659 858 1722 mi
880 1659 1000 1722 fundus
1024 1659 1150 1723 heredi·

134 1748 197 1811 tati
225 1747 405 1829 obvenerit,
434 1768 497 1830 quc
526 1746 633 1810 minus
655 1746 844 1830 pestilentia
871 1747 1009 1812 noceat?
1060 1747 1152 1812 Istuc

135 1836 187 1900 vel
215 1856 276 1919 ego
309 1856 442 1919 possum
471 1835 680 1917 respondere,
714 1835 821 1918 inquit
853 1835 987 1920 Agrius:
1019 1836 1152 1918 vendas,

105 1926 216 2007 3quot
247 1924 374 1988 assibus
407 1923 528 2006 possis,
562 1926 618 1986 aut
645 1923 672 1986 si
699 1944 855 2006 nequeas,
883 1924 1059 2008 relinquas.
1104 1924 1152 1988 At

136 2010 262 2096 Scrofa,
294 2012 485 2094 Vitandum,
517 2011 637 2095 inquit,
668 2033 709 2074 ne
737 2012 771 2075 in
800 2034 854 2076 cas
886 2017 997 2097 partes
1025 2017 1151 2097 spectet
1165 2035 1191 2076 ao

135 2101 225 2184 villa,
254 2100 412 2183 equibus
440 2103 555 2165 ventus
590 2099 721 2185 gravior
752 2102 805 2181 [ex
833 2101 872 2164 iis
901 2102 1065 2183 partibus]
1095 2102 1151 2167 ad·

135 2187 215 2253 flare
244 2189 368 2273 soleat,
392 2210 472 2253 neve
504 2190 539 2253 in
570 2189 710 2253 convalli
745 2210 825 2253 cava
853 2193 886 2254 et
914 2194 951 2253 ut
978 2191 1088 2272 potius
1116 2191 1152 2254 in

137 2276 269 2340 sublimi
287 2278 364 2342 loco
388 2277 551 2361 aedificas,
582 2278 637 2361 qui
660 2277 747 2361 quod
770 2277 939 2360 perflatur,
968 2279 1076 2362 siquid
1100 2284 1152 2343 est

137 2365 222 2449 quod
246 2366 466 2432 adversarium
489 2366 657 2449 inferatur,
679 2365 809 2430 facilius
833 2366 1015 2431 discutitur.
1056 2389 1151 2452 prae-

136 2459 225 2519 terea
254 2457 339 2540 quod
363 2478 382 2519 a
405 2456 472 2520 sole
500 2458 571 2520 toto
595 2455 646 2518 die
668 2455 876 2543 inlustratur,
905 2455 1066 2520 salubrior
1090 2459 1151 2540 est,
1166 2477 1190 2519 ss

138 2544 251 2626 [quod]
284 2547 317 2608 et
349 2544 521 2627 bestiolae,
554 2542 666 2625 siquae
697 2564 798 2627 prope
830 2547 1008 2608 nascuntur
1036 2548 1069 2608 et
1101 2545 1152 2608 in-

135 2630 297 2714 feruntur,
334 2636 392 2696 aut
429 2630 581 2694 afflantur
616 2629 691 2694 aut'
708 2630 869 2696 aritudinc
902 2633 967 2696 cito
1004 2637 1152 2716 pereunt.

106 2720 241 2784 4nimbi
263 2719 424 2803 repentini
447 2740 484 2782 ac
502 2721 664 2782 torrentes
687 2718 778 2784 fluvii
800 2720 972 2802 periculosi
995 2720 1073 2804 illis,
1095 2723 1152 2804 qui

226 2935 242 2982 3
262 2927 384 2981 dandam
404 2942 517 2996 operam
607 2932 623 2980 5
642 2927 724 2999 item]
743 2928 785 2983 ita
876 2937 891 2984 9
911 2928 1061 2983 aduersum
1086 2947 1152 2985 eum

138 3004 171 3052 10
190 2996 482 3068 animaduertendum]
503 2997 686 3052 auertendum
730 2998 812 3054 acin
831 3002 1022 3069 campartem
1059 3005 1094 3056 23
1114 3003 1152 3056 si·

137 3068 217 3138 quid]
238 3069 338 3136 siquod
409 3073 443 3122 20
463 3084 481 3121 a
499 3069 558 3124 sole
577 3070 624 3138 (ab
644 3068 703 3124 sole
728 3070 765 3138 V)

225 3251 242 3299 3
262 3244 354 3300 danda
373 3261 459 3314 opera
476 3262 503 3300 m
603 3253 619 3300 0
639 3247 787 3302 adversum
806 3264 868 3302 eam
885 3264 974 3316 ponas
994 3248 1153 3307 Pontedera

137 3316 223 3384 antiq.
239 3332 269 3384 p.
285 3319 320 3371 99
386 3321 418 3370 10
437 3316 641 3371 aduertendum
658 3335 686 3372 m
751 3322 782 3370 12
802 3321 931 3373 arescunt
949 3320 1046 3373 delevit
1065 3321 1152 3374 Zabi-

136 3387 250 3453 feldta'ur
267 3393 368 3454 quaest.
384 3389 445 3442 crit.
464 3389 496 3441 ia
518 3388 597 3444 Varo.
617 3405 669 3443 rer.
688 3394 755 3443 raet.
775 3390 836 3443 libr.
852 3406 882 3458 p.
903 3394 940 3444 18
1012 3395 1047 3443 20
1065 3406 1101 3444 ne
1120 3391 1152 3444 in

136 3473 186 3582 pas
205 3460 299 3583 peplos
319 3461 428 3527 spectet
445 3457 527 3525 uilla,
543 3475 557 3513 e
573 3458 673 3527 quibus
691 3460 792 3514 uentus
812 3460 925 3530 grauior
943 3460 1040 3515 efflare
1059 3462 1154 3516 soleat
1183 3495 1188 3503 ·

155 3545 228 3583 acuo
248 3544 280 3582 us
