2452 3938
162 161 227 226 130
569 160 755 216 VARRONIS
858 197 862 201 .

160 307 322 391 leporario
346 309 440 390 pater
461 309 550 389 tuus,
577 305 656 388 Axi,
683 309 910 390 praeterquam
933 305 1136 389 lepusculum
1160 328 1176 369 e

160 395 333 460 venatione
356 395 438 459 vidit
459 416 644 479 numquam.
686 415 790 478 neque
814 395 900 458 enim
924 397 997 458 erat
1019 414 1177 479 magnum

161 483 194 547 id
224 487 386 567 saeptum,
419 483 504 567 quod
537 504 623 547 nunc
651 486 690 546 ut
716 482 838 546 habeat
865 483 987 547 multos
1015 504 1111 566 apros
1141 504 1179 547 ac

161 594 308 656 capreas,
340 571 496 656 conplura
528 571 641 657 iugera
672 572 820 635 maceriis
852 570 1059 636 concludunt.
1111 592 1177 635 non

160 665 211 743 tu,
243 661 351 744 inquit
377 660 473 745 mihi,
508 682 580 725 cum
609 658 717 723 emisti
743 659 878 727 fundum
907 658 1131 724 Tusculanum
1159 678 1212 724 ar

132 748 206 815 cM.
224 749 353 831 Pisone,
375 749 410 813 in
428 748 589 833 leporario
613 748 684 832 apri
706 748 838 812 fuerunt
861 747 980 812 multi?
1015 747 1051 811 in
1077 748 1179 818 tertia

159 838 247 921 parti
282 839 353 921 quis
386 837 528 901 habebat
558 838 718 919 piscinam
749 836 814 900 nisi
835 835 972 900 dulcem
1004 839 1038 899 et
1069 836 1103 900 in
1140 858 1179 901 ea

161 926 329 991 dumtaxat
351 926 482 1010 squalos
501 947 538 990 ac
557 924 695 1009 mugiles
713 924 841 1007 pisces?
868 925 940 1009 quis
960 927 1074 988 contra
1092 946 1178 990 nunc

160 1014 310 1079 minthon
333 1035 399 1077 non
422 1013 499 1077 dicit
523 1035 581 1077 sua
603 1013 687 1077 nihil
709 1014 880 1091 interesse,
907 1016 1017 1077 utrum
1049 1013 1090 1078 iis
1113 1015 1177 1096 pis-

160 1103 251 1166 cibus
271 1105 424 1185 stagnum
442 1100 564 1166 habeat
581 1102 711 1184 plenum
727 1123 769 1165 an
782 1101 892 1166 ranis?
916 1122 982 1165 non
996 1100 1178 1185 Philippus,
1191 1121 1214 1161 ro

161 1211 234 1253 cum
263 1189 303 1253 ad
326 1189 526 1254 meidium
554 1190 718 1273 hospitem
742 1188 852 1254 Casini
875 1189 1068 1254 devertisset
1093 1193 1127 1253 et
1149 1191 1178 1254 ei

162 1299 179 1341 e
211 1281 268 1341 tuo
298 1277 431 1342 flumine
461 1279 574 1361 lupum
605 1280 725 1361 piscem
758 1278 938 1343 formosum
971 1277 1179 1360 adposuisset

161 1369 257 1449 atque
287 1366 341 1430 ille
369 1370 537 1451 gustasset
564 1370 597 1431 et
628 1366 805 1449 eripuisset,
838 1366 928 1448 dixit,
959 1365 1114 1449 peream,
1144 1366 1179 1430 ni

107 1456 282 1539 10piscem
304 1456 419 1538 putavi
442 1453 546 1519 esse'?
584 1454 629 1520 sic
652 1459 766 1520 nostra
793 1457 882 1519 aetas
906 1455 1061 1538 inquam
1087 1454 1177 1519 luxu·

159 1543 243 1607 riam
270 1544 466 1627 propagavit
493 1543 668 1627 leporaria,
700 1544 762 1607 hac
792 1543 935 1626 piscinas
964 1542 1107 1627 protulit
1138 1543 1178 1607 ad
1190 1561 1212 1602 rs

159 1653 247 1696 mare
280 1635 314 1695 et
345 1631 381 1694 in
413 1652 467 1694 eas
500 1632 647 1716 pelagios
680 1652 795 1716 greges
826 1631 965 1714 piscium
1002 1631 1177 1696 revocavit

158 1741 224 1783 non
250 1722 384 1803 propter
412 1718 471 1782 has
502 1720 657 1802 appellati
686 1717 818 1804 Sergius
842 1717 942 1783 Orata
973 1723 1005 1783 et
1033 1718 1176 1785 Licinius

158 1805 318 1870 Murena?
356 1807 429 1890 quis
454 1807 540 1870 enim
563 1811 696 1891 propter
718 1808 906 1873 nobilitates
929 1807 1061 1892 ignorat
1084 1808 1177 1892 pisci·

159 1916 219 1960 nas
242 1893 398 1978 Philippi,
420 1893 587 1979 Hortensi,
609 1894 841 1961 Lucullorum?
872 1917 970 1981 quare
989 1895 1074 1960 unde
1098 1897 1177 1961 velis

104 1996 146 2051 IV
160 2005 211 2048 me
235 1983 385 2067 incipere,
408 1983 481 2067 Axi,
505 1983 564 2049 dic.
608 1984 677 2067 Ille,
699 1984 772 2068 Ego
795 2005 882 2066 vero,
905 1984 1019 2066 inquit,
1043 2005 1064 2047 a
1087 1987 1176 2069 post·
1189 2003 1211 2043 ro

157 2072 334 2155 principiis,
353 2075 391 2136 ut
410 2072 501 2136 aiunt
519 2073 554 2136 in
572 2072 697 2155 castris,
720 2073 754 2136 id
776 2076 825 2137 est
843 2074 884 2136 ab
903 2072 955 2136 his
973 2072 1176 2155 temporibus

159 2181 256 2244 quarn
280 2161 515 2244 superioribus,
543 2162 628 2244 quod
659 2183 698 2224 ex
725 2161 907 2244 pavonibus
935 2161 1060 2225 fructus
1091 2162 1176 2245 capi-

160 2251 258 2312 untur
281 2249 419 2312 maiores
444 2271 541 2333 quam
565 2271 582 2312 e
605 2248 746 2334 gallinis.
793 2253 889 2333 atque
920 2250 999 2314 adeo
1022 2268 1092 2313 non
1117 2250 1176 2314 dis·

160 2336 328 2415 simulabo,
353 2337 438 2420 quod
463 2339 537 2402 volo
561 2337 600 2402 de
624 2337 796 2402 ornithone
817 2338 967 2422 primum,
990 2337 1078 2421 quod
1097 2338 1176 2404 lucri
1204 2376 1214 2401 0

158 2424 304 2490 fecerunt
326 2426 388 2490 hoc
411 2447 530 2490 nomen
552 2426 649 2490 turdi.
691 2427 861 2509 sexaginta
884 2427 969 2490 enim
992 2426 1086 2491 milia
1109 2425 1175 2492 Fir·
1188 2443 1211 2485 2⁵

159 2514 262 2578 celina
285 2514 424 2578 exoande
447 2535 498 2578 me
521 2514 665 2578 fecerunt
688 2515 872 2597 cupiditate.

127 2608 147 2665 2
246 2601 379 2684 Merula,
401 2601 475 2667 Duo
495 2624 616 2688 genera
629 2607 714 2686 sunt,
731 2603 846 2687 inquit,
865 2602 1058 2688 ornithonis,
1076 2626 1176 2681 unum

159 2689 383 2754 delectationis
417 2711 527 2770 causa,
565 2695 602 2754 ut
633 2691 738 2756 Varro
775 2692 827 2756 hic
859 2691 937 2756 fecit
968 2695 1082 2756 noster
1117 2692 1175 2757 sub

157 2885 340 3031 chettiim
359 2956 375 3003 o
394 2879 546 3005 ciuiliaad
560 2956 592 3005 11
612 2882 792 3008 iiiiii?
828 2882 1085 3008 arisidiielabeid
1098 2885 1176 3023 itii

158 3036 246 3075 ranas
270 3037 303 3075 ac
326 3020 448 3090 piscinas
479 3021 631 3092 (leporaria
653 3040 687 3078 ac
710 3023 834 3093 piscinas
856 3023 895 3093 V)
967 3029 1003 3078 20
1025 3023 1121 3093 inquit
1144 3026 1177 3079 ut

158 3092 238 3147 aiunt
256 3094 320 3162 post
336 3091 478 3162 principia
497 3094 527 3146 in
546 3093 646 3148 castris
688 3099 721 3148 21
742 3094 831 3150 abiis
868 3099 902 3148 25
922 3094 1042 3150 fircilina
1078 3101 1113 3150 27
1134 3111 1176 3149 or-

156 3163 286 3217 nithonas
306 3163 473 3233 (ornithonis
497 3164 537 3233 V)

156 3281 371 3291 ——u—-ffl

86 3416 89 3422 v
245 3356 309 3410 aid
333 3359 478 3426 septumo
552 3357 712 3414 thabebat
737 3358 875 3414 Victorius
946 3359 1098 3416 tmintho
1124 3361 1163 3416 Co

155 3426 265 3481 lamella
288 3427 374 3481 VIII
391 3433 473 3494 16,4
545 3434 578 3482 11
603 3427 777 3483 Ummidium
800 3430 924 3499 Scaliger
1004 3431 1176 3487 deuertisset

155 3497 212 3551 cod.
232 3498 298 3553 Por.
372 3505 406 3552 20
425 3516 443 3553 a
460 3498 671 3570 postprincipiis
690 3499 813 3570 Sacripor
885 3506 919 3555 21
939 3501 975 3556 ab
994 3501 1039 3557 his
1058 3520 1074 3559 c
