2452 3938
198 163 329 218 RERVM
347 163 846 222 RVSTICARVMLlB.III12-14
964 167 1026 232 151

50 308 99 372 rod
138 328 211 370 eum
245 307 356 372 Aeolis
395 309 442 388 [et
473 309 607 391 bonum]
641 307 778 396 λέποριν
809 312 1029 394 appellabant.

51 396 153 462 niculi
187 395 264 460 dicti
297 397 338 460 ab
371 418 418 479 eo,
449 398 535 480 quod
568 399 627 463 sub
660 405 748 464 terra
779 399 943 464 cuniculos
965 401 1030 483 ipsi

50 504 119 548 cere
148 484 267 568 solent,
294 485 352 549 ubi
379 485 504 549 lateant
530 487 564 550 in
591 487 690 572 agris.
739 487 855 552 horum
884 488 1058 552 omnium?

50 575 78 637 {a
109 593 239 656 genera,
271 572 299 636 si
332 574 449 657 possis,
480 575 513 637 in
546 576 708 658 leporario
740 576 860 641 habere
890 580 1029 659 oportet.

51 682 77 724 lo
102 660 232 744 quidem
261 661 372 745 utique
395 666 428 725 te
451 661 572 726 habere
594 668 688 747 puto,
719 664 778 747 [et]
804 664 888 748 quod
911 665 946 729 in
970 664 1029 728 Hi·

51 748 127 812 ania
156 749 251 812 annis
278 748 327 813 ita
353 748 445 814 fuisti
473 751 597 836 multis,
629 755 666 816 ut
693 753 767 817 inde
795 758 829 817 te
861 753 1028 817 cuniculos

51 840 200 901 rsecutos
224 836 361 901 credam.

102 922 211 1008 Apros
248 925 377 1008 quidem
412 948 508 1010 posse
544 927 658 993 haberi
695 929 730 993 in
769 928 930 1012 leporario
967 944 1102 998 necXIII

51 1034 134 1098 agno
158 1013 290 1098 negotio
313 1014 360 1078 ibi
384 1018 416 1078 et
439 1017 585 1100 captivos
609 1021 642 1081 et
665 1018 791 1102 cicuris,
808 1018 869 1102 ,qui
893 1017 940 1082 ibi
958 1019 1029 1082 nati

51 1105 88 1184 rt,
112 1101 251 1186 pingues
275 1103 379 1167 solere
402 1102 471 1166 fieri
494 1105 566 1182 scis,
587 1105 704 1190 inquit,
726 1104 799 1170 Axi.
835 1128 912 1170 nam
932 1128 1028 1191 quem

51 1190 149 1254 ndum
172 1191 206 1253 in
228 1191 411 1255 Tusculano
435 1192 514 1256 emit
536 1192 590 1256 hic
612 1193 717 1258 Varro
741 1216 761 1257 a
783 1193 825 1259 M.
849 1193 952 1278 Pupio
976 1194 1028 1259 Pi·

51 1300 101 1361 ne,
124 1278 236 1342 vidisti
259 1278 299 1342 ad
321 1279 474 1343 bucinam
495 1280 643 1344 inflatam
661 1285 749 1347 certo
767 1284 913 1366 tempora
932 1305 1028 1366 apros

73 1388 208 1449 capreas
237 1368 407 1432 convenire
436 1367 478 1431 ad
500 1368 669 1452 pabulum,
698 1391 771 1432 cum
801 1391 840 1433 ex
863 1372 1029 1452 superiore

51 1476 85 1520 ao
109 1475 126 1516 e
149 1456 314 1538 palaestra
337 1456 423 1539 apris
447 1456 664 1521 effunderetur
687 1457 775 1542 glas,
799 1457 923 1540 capreis
946 1459 1029 1523 vicia

52 1546 70 1606 t
93 1541 171 1628 quid
194 1543 284 1607 aliut.
312 1543 385 1628 Ego
408 1566 495 1628 rer0,
518 1545 625 1628 inquit
642 1546 706 1629 ille,
730 1545 814 1628 apud
834 1545 870 1622 Q.
888 1543 1058 1612 Horten-2

52 1653 97 1696 un
126 1653 199 1694 cum
226 1631 261 1697 in
289 1652 368 1717 agro
396 1632 551 1697 Laurenti
579 1655 697 1718 essem,
728 1633 776 1698 ibi
810 1633 894 1698 istuc
922 1635 1029 1718 magis

52 1730 182 1806 ιᾳκικῶς
205 1719 275 1784 ficri
298 1720 372 1785 vidi.
409 1743 482 1786 narn
508 1722 592 1786 silva
615 1726 695 1808 erat,
717 1727 754 1787 ut
772 1722 907 1807 dicebat,
931 1744 1030 1808 supra

52 1809 250 1892 inquaginta
277 1809 426 1894 iugerum
453 1812 594 1876 maceria
622 1817 748 1895 saepta,
779 1811 864 1896 quod
891 1833 956 1876 non
985 1813 1029 1877 le-

52 1897 188 1981 uarium,
208 1896 264 1960 sed
281 1897 542 1983 therotrophium
561 1901 755 1984 appellabat.
784 1901 831 1964 ibi
850 1905 921 1964 erat
938 1901 1029 1966 locus

55 1985 169 2062 celsus
192 1986 248 2049 ubi
272 1986 426 2051 triuilinio
450 1989 559 2071 posito
583 1988 792 2071 serebamus,
816 2009 879 2071 quo
899 1986 1059 2069 Orphea3

52 2073 123 2138 »cari
152 2074 255 2140 iussit.
302 2075 357 2157 qui
380 2096 453 2138 cum
476 2096 514 2140 eo
542 2076 683 2139 venisset
711 2098 784 2140 cum
811 2075 899 2138 stola
927 2078 959 2137 et
986 2076 1029 2139 ci-

53 2183 110 2226 ara
140 2165 270 2226 cantare
299 2166 385 2226 esset
412 2163 532 2245 iussus,
562 2164 681 2227 bucina
709 2162 849 2246 inflavit,
876 2166 914 2226 ut
937 2167 1031 2229 tanta

52 2251 266 2315 :cumfluxerit
302 2272 362 2315 nos
402 2271 570 2315 cervorum
602 2272 754 2334 aprorum
787 2255 820 2316 et
850 2256 1031 2316 ceterarum

52 2338 248 2421 {adripedum
272 2338 457 2422 multitudo,
479 2343 516 2402 ut
538 2361 604 2404 non
627 2340 733 2403 minus
752 2338 932 2405 formosum
949 2339 1031 2403 mihi

53 2449 122 2490 sum
152 2428 196 2490 sit
224 2429 457 2510 spectaculum,
488 2448 586 2511 quam
613 2427 648 2490 in
671 2429 755 2493 circo
780 2428 920 2491 maximo
945 2427 1030 2491 aedi-

53 2537 95 2580 un
120 2517 189 2578 sine
212 2515 376 2580 Africanis
401 2516 515 2580 bestiis
539 2538 612 2593 cum
635 2516 720 2580 fiunt
743 2515 941 2581 venationes.

104 2601 218 2687 AxiuS,
240 2604 326 2669 Tuas
349 2607 468 2690 partes,
490 2603 610 2690 inquit,
639 2605 822 2670 sublevavit
846 2603 986 2686 Appius,
1010 2619 1104 2678 cxlv

53 2692 141 2755 arula
162 2697 281 2758 noster.
327 2693 413 2777 quod
432 2693 473 2758 ad
492 2695 699 2760 venationem
718 2694 867 2777 pertinet,
890 2693 1032 2758 breviter

108 2877 270 2950 lzc'uopw]
290 2882 417 2949 leporum
490 2884 630 2940 Shabere
690 2891 723 2940 10
740 2886 857 2955 inquam
912 2891 946 2940 14
964 2885 1032 2940 effu-

53 2951 130 3003 retur
153 2949 224 3015 Pet,
253 2950 439 3006 effunderetur
467 2954 534 3008 libri
559 2973 645 3010 manu
671 2959 768 3025 scripti
840 2957 932 3026 capris
944 2955 1033 3018 ouilia

71 3018 288 3087 magistragicos
335 3025 368 3073 19
387 3022 570 3090 appellabant
614 3031 649 3080 20
668 3028 736 3096 quo]
756 3028 831 3094 quod
877 3025 1033 3080 arbucias

53 3091 158 3145 ruinam
180 3089 249 3155 Pet,
268 3089 372 3145 bucina
390 3093 496 3162 apocr.)
546 3096 655 3148 tantum
706 3102 740 3149 27
761 3096 861 3163 appius
879 3093 972 3164 (apiae
992 3093 1031 3163 V)

109 3292 122 3339 1
144 3289 172 3341 et
191 3287 295 3340 bonum
314 3285 411 3342 delevit
424 3284 609 3352 Zatlfeldtias
622 3291 724 3355 quaest.
740 3286 800 3341 crit.
815 3286 847 3340 ia
864 3284 944 3342 Varr.
958 3291 1034 3353 7226

63 3356 176 3427 λέποριν
204 3357 350 3412 Iracundus
422 3361 439 3410 ὅ
468 3361 497 3411 et
524 3358 620 3412 delevit
642 3357 824 3411 Schneiderus
895 3362 911 3411 8
935 3356 1034 3410 haberi

54 3433 141 3484 rsr’aas
191 3436 225 3483 14
244 3426 350 3497 capreis
368 3427 444 3482 uicia
463 3429 609 3484 Iracundus
656 3433 688 3482 19
707 3426 872 3498 appellabat
888 3427 1035 3482 Iucundua

73 3499 121 3554 ubi
139 3502 221 3555 tanta
239 3498 424 3554 circumfluxit
441 3498 587 3555 Iucurrdas
