2452 3938
160 167 201 230 12
575 165 761 222 VARRONIS

158 313 240 377 Libo
268 311 424 396 Marcius,
451 311 634 395 praefectus
657 311 786 376 fabrum
815 315 903 393 tuos,
930 311 965 374 in
988 309 1088 375 fundo
1113 332 1170 376 suo

135 401 334 493 ⁸Faventiae
371 401 457 468 hanc
492 399 733 464 multitudinem
767 400 895 464 dicebat
927 421 1002 464 suas
1037 399 1171 464 reddere

130 493 254 559 8vites.
279 491 342 555 duo
361 489 396 554 in
414 485 528 573 primis
548 493 711 572 spectasse
729 489 879 554 videntur
897 487 1003 552 Italici
1021 487 1171 553 homines

158 581 194 644 c'n
222 579 371 662 colendo,
394 582 569 662 possentne
592 577 716 642 fructus
742 599 801 660 pro
830 578 967 662 inpensa
995 598 1032 641 ac
1060 577 1171 642 labore

158 669 263 732 redire
288 671 321 732 et
343 671 453 731 utrum
476 667 606 732 saluber
627 667 721 731 locus·
742 670 829 731 esset
852 689 894 730 an
916 688 993 731 non.
1035 687 1171 749 quorum
1193 687 1203 726 s

160 757 189 821 si
213 757 406 821 alterutrum
432 756 558 819 decolat
577 760 610 819 et
627 755 731 820 nihilo
750 755 858 819 minus
877 756 950 839 quis
969 755 1040 819 vult
1059 755 1171 838 colere,

159 840 268 909 mente
301 849 352 910 est
383 848 497 927 captus
529 847 626 928 atque
659 842 699 908 ad
728 848 865 928 agnatos
894 847 927 907 et
954 842 1095 928 gentiles
1125 848 1173 908 est

160 933 373 999 deducendus.
417 954 513 997 nemo
543 934 627 996 enim
651 954 749 996 sanus
773 932 869 997 debet
890 932 974 997 velle
1000 932 1172 1017 inpensam

160 1045 198 1087 ac
221 1026 385 1106 sumptum
408 1021 513 1085 facere
536 1021 571 1084 in
594 1021 731 1106 cultura,
753 1021 782 1084 si
804 1021 894 1086 videt
916 1043 983 1085 non
1005 1042 1103 1104 posse
1126 1041 1171 1084 re

159 1112 226 1195 fici,
254 1132 313 1175 nec
341 1110 369 1173 si
396 1112 507 1192 potest
533 1109 664 1174 reficere
692 1109 828 1192 fructus,
856 1110 885 1173 si
911 1110 1000 1175 videt
1023 1131 1079 1174 eos
1104 1109 1202 1174 forero

130 1204 196 1268 9ut
219 1198 408 1282 pestilentia
432 1199 627 1281 dispereant.
669 1196 733 1281 sed,
757 1198 882 1282 opinor,
906 1200 961 1283 qui
983 1199 1064 1262 haec
1088 1219 1172 1264 com-

159 1288 286 1352 modius
315 1287 485 1351 ostendere
514 1286 644 1369 possint
672 1287 797 1350 adsunt.
848 1309 925 1350 nam
953 1285 988 1352 O.
1012 1286 1172 1351 Licinium

160 1375 330 1441 Stolonem
363 1379 396 1440 et
427 1373 485 1442 On.
518 1375 714 1440 Tremelium
747 1373 892 1440 Scrofam
924 1375 1017 1440 video
1050 1374 1172 1440 venire:

158 1487 272 1548 unum,
305 1465 395 1529 cuius
428 1464 568 1528 maiores
597 1464 635 1529 de
667 1463 763 1528 modo
792 1465 864 1548 agri
891 1466 1000 1548 legem
1026 1465 1174 1529 tulerunt

160 1554 249 1640 (nam
266 1552 409 1619 Stolonis
428 1553 486 1616 illa
505 1554 566 1636 lex,
585 1574 667 1637 quae
685 1555 776 1616 vetat
793 1552 867 1636 plus
886 1571 910 1616 D
924 1553 1038 1637 iugera
1052 1553 1172 1617 habere
1185 1571 1205 1612 a

160 1644 263 1708 civem
286 1639 353 1727 R.),
387 1645 419 1705 et
448 1641 504 1726 qui
531 1645 665 1724 propter
692 1640 898 1725 diligentiam
925 1641 1071 1706 culturae
1102 1640 1172 1706 Sto·

159 1732 271 1795 lonum
304 1729 508 1804 confirmavit
540 1749 735 1813 cognomen,
771 1730 857 1812 quod
893 1731 1002 1795 nullus
1036 1731 1072 1794 in
1106 1732 1173 1794 eius

160 1818 259 1882 fundo
288 1817 422 1900 reperiri
449 1821 579 1900 poterat
607 1819 705 1900 stole,
734 1818 820 1901 quod
848 1819 1021 1883 effodiebat
1051 1819 1174 1884 circum

161 1907 291 1971 arbores
321 1927 337 1968 e
365 1905 528 1969 radicibus
565 1927 647 1989 quae
685 1912 896 1971 nascerentur
923 1929 940 1970 e
969 1908 1054 1991 solo,
1092 1929 1174 1992 quos

160 1996 305 2060 stolones
332 1994 552 2078 appellabant.
602 1993 744 2058 eiusdem
768 1997 874 2079 gentis
898 1993 932 2061 O.
951 1995 1110 2079 Licinius,
1133 2000 1207 2062 trac

159 2085 202 2168 pl.
222 2105 293 2148 cum
313 2087 408 2167 esset,
426 2087 502 2166 post
519 2103 612 2167 reges
631 2088 762 2148 exactos
782 2085 874 2148 annis
894 2100 1033 2149 cccnxv
1049 2086 1174 2168 primus

160 2173 316 2257 populum
344 2171 385 2236 ad
417 2172 506 2256 leges
535 2171 737 2255 accipiendas
770 2172 805 2236 in
833 2177 957 2256 septem
983 2174 1100 2256 iugera
1127 2173 1175 2239 fo-

109 2271 150 2329 10
160 2261 269 2324 rensia
292 2282 309 2324 e
333 2261 464 2324 comitio
493 2260 611 2325 eduxit.
658 2261 795 2325 alterurn
819 2263 976 2344 collegam
1000 2266 1106 2346 tuum,
1128 2263 1175 2328 vi·

161 2350 244 2434 ginti
272 2351 376 2414 virum
406 2349 461 2432 qui
488 2348 551 2413 fuit
578 2349 618 2413 ad
647 2370 744 2434 agros
768 2350 956 2415 dividendos
979 2347 1174 2434 Campanos,

159 2439 252 2503 video
271 2438 336 2503 huc
349 2439 469 2522 venire,
488 2436 545 2503 Cn.
559 2437 757 2504 Tremelium
773 2437 929 2523 Scrofam,
947 2439 1052 2503 virum
1070 2441 1173 2504 omni·
1185 2455 1207 2498 n

159 2528 219 2591 bus
243 2527 420 2592 virtutibus
443 2527 595 2608 politum,
621 2526 676 2609 qui
699 2527 738 2590 de
761 2528 833 2611 agri
857 2530 983 2593 cultura
1006 2527 1174 2592 Romanus

159 2616 377 2698 peritissimus
398 2615 611 2679 existimatur.
643 2614 697 2677 An
711 2637 777 2680 non
791 2617 882 2681 iure?
906 2618 1047 2700 inquam.
1081 2616 1173 2681 fundi

160 2705 246 2767 enim
265 2704 334 2767 eius
353 2708 487 2786 propter
506 2702 665 2766 culturam
685 2704 873 2770 iucundiore
892 2706 1077 2789 spectaculo
1098 2709 1173 2770 sunt

160 2792 281 2875 multis,
304 2812 401 2875 quam
424 2791 513 2873 regie
531 2791 636 2875 polita
655 2793 800 2857 aedificia
818 2794 965 2877 aliorum,
984 2815 1057 2858 cum
1076 2793 1171 2858 huius

161 2883 343 2963 spectatum
367 2878 501 2942 veniant
522 2879 631 2963 villas,
653 2903 733 2964 non,
757 2886 794 2946 ut
817 2883 901 2966 apud
925 2882 1111 2965 Lucullum,
1137 2885 1207 2946 utu

160 2969 291 3033 videant
318 2967 561 3051 pinacothecas,
594 2969 650 3032 sed
678 2971 902 3055 oporothecas.
950 2972 1098 3055 huiusce,
1126 2971 1172 3035 in-

85 3085 89 3099 ¹
160 3079 271 3142 qnam,
298 3055 438 3140 pomarii
465 3078 590 3120 summa
618 3079 710 3122 sacra
739 3059 803 3142 via,
831 3061 887 3124 ubi
910 3082 1008 3144 poma
1031 3062 1173 3125 veneunt

160 3150 275 3210 contra
298 3166 420 3226 aurum,
443 3145 562 3228 imago.

251 3343 265 3389 1
285 3336 401 3390 martius
474 3343 491 3391 4
509 3337 538 3391 in
557 3354 607 3392 om.
681 3344 696 3392 7
716 3339 808 3407 adque
827 3339 965 3410 adgnatos

158 3449 249 3456 ..ρ-...-
254 3449 370 3455 -ω-ω-η...

249 3520 264 3568 7
284 3514 319 3567 ad
338 3517 455 3583 agnatos
469 3531 486 3569 o
500 3520 524 3569 ct
542 3516 599 3570 cod.
618 3515 686 3571 Par.
