2452 3938
104 137 147 202 88
523 136 707 194 vanaours
741 99 743 106 ’

105 282 213 347 insula
230 281 328 347 Melie
351 304 466 367 capras
488 283 639 366 habeant,
663 283 747 367 quod
771 282 818 347 ibi
837 282 971 348 maximi
990 305 1029 349 ac
1047 285 1113 368 pul·

74 371 258 437 ocherrimi
280 371 506 436 existimantur
528 372 599 436 fieri
622 370 726 435 haedi.
769 372 808 435 de
833 370 998 455 emptione
1022 372 1113 438 aliter

105 459 176 524 dico
190 463 288 543 atque
303 461 349 542 fit,
364 460 450 544 quod
465 481 579 544 capras
594 481 689 524 sanas
710 481 808 525 sanus
827 482 923 525 nemo
943 461 1113 543 promittit

103 569 280 634 numquam
316 549 403 612 enim
436 548 504 613 sine
531 548 616 613 febri
644 551 728 613 sunt.
779 549 889 635 itaque
918 549 1113 632 stipulantur

103 636 217 720 paucis
240 637 382 720 exceptis
405 637 528 721 verbm,
557 659 595 702 ac
618 635 772 701 Manilius
796 639 953 722 scriptum
984 637 1114 722 reliquit
1135 658 1145 700 o

101 724 398 899 {talbot}
400 725 852 899 bellabatur}
854 726 991 880 abibi?
999 748 1115 898 <lt-⁰133:

519 865 527 898 ,
885 864 893 881 .

105 902 330 966 admirandum
353 902 436 984 illut,
459 903 544 987 quod
568 903 668 967 etiam
691 902 871 968 Archelaus
895 903 1024 968 scribit:
1052 925 1115 969 non

104 994 142 1055 ut
164 991 288 1074 reliqua
311 990 466 1054 animalia
488 992 631 1074 naribus,
655 991 710 1056 sed
734 992 867 1056 a'uribus
890 991 1044 1075 spiritum
1063 993 1115 1058 du·

103 1100 175 1144 cere
199 1081 302 1143 solere
324 1081 474 1162 pastores
497 1079 689 1145 curiosiores
712 1080 838 1164 aliquot
861 1078 983 1146 dicunt.
1126 1101 1147 1141 ro

72 1176 92 1232 6
193 1165 241 1230 De
266 1167 376 1232 alteris
400 1169 554 1250 quattuor
576 1167 662 1254 quod
686 1172 736 1233 est
759 1169 797 1234 de
819 1173 926 1252 pastu,
948 1168 1013 1236 hoc
1037 1169 1115 1236 dico.

104 1254 287 1320 stabulatur
304 1276 402 1339 pecus
421 1256 545 1340 melius,
564 1256 603 1321 ad
622 1255 775 1322 hibernos
793 1260 922 1322 exortos
937 1258 967 1322 si
982 1262 1116 1343 spectat,

104 1342 188 1428 quod
214 1346 263 1407 est
289 1343 455 1410 alsiosum.
499 1345 603 1430 id‚xut
625 1345 797 1430 pleraque,
819 1345 926 1429 lapide
950 1351 1008 1410 aut
1032 1350 1116 1413 testa

104 1431 267 1497 substerni
295 1436 438 1518 oportet,
468 1433 590 1517 caprile
621 1455 684 1517 quo
712 1433 820 1499 minus
848 1433 893 1498 sit
914 1433 1137 1522 uliginosum¹

79 1525 142 1586 'ac
164 1521 370 1587 lutulentum.
396 1522 495 1604 ¹foris
519 1544 593 1587 cum
617 1525 668 1587 est
689 1522 957 1607 pernoctandum,
979 1525 1061 1588 item
1084 1525 1146 1588 inu

103 1610 236 1675 eandem
272 1616 398 1693 partem
431 1611 513 1675 caeli
546 1632 627 1695 quae
662 1614 810 1694 spectent
841 1614 955 1695 saepta
988 1615 1116 1698 oportet

104 1699 267 1763 substerni
294 1697 459 1783 virgultis,
488 1721 530 1763 ne
561 1699 757 1764 oblinantur.
801 1722 868 1765 non
891 1700 997 1765 multo
1023 1700 1115 1766 aliter

102 1785 257 1851 tuendum
284 1786 346 1850 hoc
373 1808 471 1869 pecus
498 1786 533 1851 in
560 1791 657 1872 pastu
687 1791 785 1871 atque
816 1789 966 1868 ovillum,
1002 1791 1114 1875 [quod]

16 1957 18 1961 y
73 1877 215 1941 ttamen
237 1874 360 1939 habent
382 1896 441 1939 sua
463 1876 595 1958 propria
618 1877 791 1960 quaedam,
818 1877 903 1961 quod
926 1878 1038 1961 potius
1063 1879 1113 1944 sil-

101 1963 264 2029 vestribus
293 1963 430 2028 saltibus
458 1964 656 2028 delectantur
683 1987 779 2049 quam
806 1967 919 2048 pratis.
973 1969 1147 2034 studiosell

102 2054 188 2118 enim
225 2053 264 2118 de
304 2052 488 2139 agrestibus
524 2052 694 2118 fruticibus
728 2059 905 2138 pascuntur
942 2058 1041 2139 atque
1083 2057 1115 2122 in

102 2141 183 2207 locis
204 2142 298 2207 cultis
317 2142 461 2227 virgulta
479 2146 623 2227 carpunt.
651 2143 761 2226 itaque
780 2164 800 2207 a
818 2144 979 2227 carpendo
999 2167 1115 2232 caprae

100 2231 297 2297 nominatas.
351 2232 392 2297 ab
422 2231 484 2297 hoc
516 2230 550 2295 in
579 2231 653 2318 lege
685 2231 858 2300 locationis
888 2231 980 2298 fundi
1010 2235 1115 2322 excipi

104 2323 195 2409 solet,
213 2346 255 2389 ne
274 2324 407 2390 colonus
426 2345 525 2408 capra
542 2324 655 2389 natum
673 2323 707 2388 in
725 2323 825 2390 fundo
844 2326 965 2410 pascat
997 2323 1114 2392 harum

101 2414 189 2480 enim
213 2413 325 2480 dentes
348 2412 472 2479 inimici
495 2413 640 2493 sationiS,
663 2435 743 2498 quas
768 2414 867 2478 etiam
890 2416 1051 2500 astrologi
1069 2417 1147 2481 iac

102 2507 293 2588 receperunt
315 2503 350 2567 in
373 2504 507 2586 caelum,
530 2506 567 2566 ut
591 2505 681 2567 extra
699 2501 843 2567 lembum
862 2502 1031 2568 duodecim
1051 2505 1115 2591 sig·

101 2615 220 2658 norum
243 2591 452 2656 excluserint:
476 2593 554 2654 sunt
572 2590 634 2654 duo
652 2589 748 2655 haedi
768 2596 800 2656 et
818 2613 916 2676 capra
932 2614 999 2659 non
1017 2595 1114 2679 longe

193 2773 206 2820 1
226 2738 320 2820 media
387 2770 403 2817 3
423 2765 514 2832 adque
532 2763 581 2818 fiet
645 2768 661 2818 5
680 2729 1114 2837 munilibus(manilibus‘1’ol.,

102 2835 264 2892 mamilibus
290 2835 426 2904 plurima
443 2835 615 2906 opoyropbo)
687 2842 703 2890 6
730 2835 794 2890 illas
823 2852 920 2906 capras
994 2843 1010 2892 7
1039 2840 1114 2894 reete

101 2913 166 2964 oute
187 2906 273 2961 licere
296 2922 346 2961 om.
419 2911 435 2960 9
462 2905 583 2960 sitritum
610 2959 615 2964 ,
662 2911 695 2959 10
719 2905 835 2974 aliquod
916 2913 948 2963 17
973 2909 1115 2965 substerni

101 2978 235 3049 uirgultis
263 2976 477 3045 (substernimus
496 2976 591 3060 *gul-tis
610 2977 735 3061 plurimo
758 2979 938 3063 apoyraplrm
963 2980 1114 3063 substerni·

100 3047 518 3188 afflfttttttrtbtt
531 3047 874 3190 detractat
892 3050 978 3117 aare
994 3052 1115 3190 ¹²²}le

101 3199 136 3248 24
155 3208 268 3261 capram
286 3192 384 3244 natum
403 3191 499 3259 (capra
516 3191 614 3244 natum
637 3189 677 3258 V)

190 3356 206 3405 3
229 3350 315 3419 atque
337 3351 369 3404 fit
393 3349 531 3405 Victorius
602 3352 618 3402 5
641 3346 809 3404 Manilicso
882 3355 898 3404 t
920 3349 1020 3406 illesos
1041 3352 1114 3407 Pon·

100 3423 192 3478 tedere
214 3423 299 3490 antiq.
319 3438 349 3490 p.
365 3423 423 3476 425
531 3425 546 3475 7
569 3418 730 3488 habereque
755 3421 831 3475 recte
858 3420 944 3476 licere
967 3421 1115 3480 Iucundos

100 3499 117 3547 9
137 3492 266 3562 spiritum
284 3508 330 3546 mc
907 3532 930 3570 .
