2452 3938
294 156 424 212 RERVM
441 155 680 212 RVSTICARVM
697 155 764 211 LIB.
778 156 818 210 III
834 161 938 212 14-16
1062 157 1125 222 153

110 301 241 366 drantes
266 301 346 366 coici
366 300 503 385 possint,
527 304 559 365 et
579 301 624 365 sie
643 301 677 366 in
697 299 769 365 aliis
788 300 975 384 regionibus
994 302 1126 366 eaedem

109 389 196 454 inter
220 412 254 454 se
278 390 428 454 conlatae
451 388 593 455 minores
618 411 655 454 ao
678 389 828 455 maiores.
872 388 934 453 hae
959 390 994 454 in
1018 390 1154 455 feturad

109 479 243 562 pariunt
258 478 515 543 innumerabilia.
548 499 659 541 earnm
678 498 788 542 semen
806 477 965 541 minutum
985 500 1022 543 ae
1040 481 1126 543 testa

109 566 202 631 molli
227 565 439 631 diuturnitate
463 566 655 632 obdurescit.
692 567 821 652 magnis
844 566 960 630 insulis
983 566 1017 630 in
1041 567 1125 631 areis

84 654 208 722 efactis
240 676 396 739 magnum
427 655 539 721 bolum
571 653 719 719 deferunt
754 655 847 720 aeris.
906 654 966 719 has
1000 676 1125 740 quoque

109 744 262 828 saginare
286 745 394 809 solent
415 744 475 828 ita,
503 748 539 808 ut
567 743 665 808 ollam
689 765 762 807 cum
785 743 998 808 foraminibus
1022 743 1127 809 incru-

110 836 199 897 stent
222 854 303 915 sapa
325 834 358 896 et
380 833 469 918 farri,
492 833 548 897 ubi
570 836 755 915 pascantur,
778 853 860 915 quae
884 831 1047 896 foramina
1068 832 1126 896 ha·

108 920 194 1004 beat,
217 925 253 985 ut
276 921 399 985 intrare
422 942 477 985 aer
498 919 620 1006 possit:
657 920 753 986 vivax
780 919 867 985 enim
893 921 974 985 haec
1000 924 1127 987 natura.

200 1007 376 1073 Glirarium
400 1012 508 1075 autem
532 1008 683 1075 dissimili
705 1008 833 1074 ratione
855 1009 1008 1093 habetur,
1038 1009 1124 1094 quod
1133 1022 1185 1078 XV

69 1124 95 1163 ιο
110 1118 177 1161 non
201 1118 294 1180 aqua,
318 1097 373 1161 sed
396 1097 536 1163 maceria
554 1097 644 1163 locus
665 1098 825 1182 saepitur:
848 1100 919 1162 tota
937 1098 1000 1163 levi
1018 1098 1125 1181 lapide

111 1190 168 1249 aut
190 1186 328 1250 tectorio
351 1185 546 1250 intrinsecus
569 1186 776 1270 incrustatur,
807 1207 848 1250 ne
872 1207 911 1250 ex
935 1207 973 1250 ea
996 1207 1126 1270 erepere

108 1274 225 1357 possit.
274 1275 310 1338 in
337 1295 374 1338 eo
407 1274 595 1339 arbusculas
627 1295 697 1339 esse
730 1278 873 1358 oportet,
906 1296 988 1358 quae
1019 1275 1128 1340 ferant

110 1361 271 1446 glandem.
317 1385 398 1447 quae
426 1385 498 1428 cum
527 1362 669 1429 fructum
696 1383 762 1427 non
793 1362 912 1445 ferunt,
944 1364 1031 1428 intra
1059 1387 1126 1427 ma-

110 1450 228 1515 ceriem
260 1451 365 1515 iacere
397 1454 529 1534 oportet
560 1450 711 1535 glandem
744 1454 777 1514 et
808 1454 993 1516 castaneam
1000 1501 1009 1535 ,
1042 1452 1125 1516 unde

70 1563 97 1604 15
111 1540 215 1602 saturi
247 1539 337 1606 fiant.
392 1539 497 1604 facere
529 1539 569 1603 iis
602 1560 698 1604 cavos
732 1543 862 1623 oportet
888 1539 1038 1623 laxiores,
1070 1540 1156 1604 ubis

109 1627 218 1710 pullos
245 1632 360 1709 parere
387 1629 529 1712 possint:
567 1634 683 1711 aquam
712 1649 782 1692 esse
805 1630 949 1711 tenuem,
979 1628 1066 1712 quod
1089 1650 1127 1693 ea

110 1737 178 1780 non
197 1719 333 1780 utuntur
356 1717 493 1780 multum
517 1719 549 1780 et
573 1715 698 1780 aridum
721 1715 829 1780 locum
852 1719 1019 1800 quaerunt.
1064 1715 1126 1780 hae

111 1804 303 1888 saginantur
321 1805 355 1868 in
375 1804 484 1888 doliis,
502 1804 703 1890 quae‘etiam
722 1805 756 1869 in
775 1804 862 1870 villis
880 1805 1003 1869 habent
1021 1805 1127 1888 multi,

111 1914 193 1977 quae
220 1892 312 1977 figuli
340 1892 465 1957 faciunt
492 1894 594 1958 multo
626 1894 722 1958 aliter
748 1897 845 1977 atque
874 1893 953 1976 alia,
982 1893 1069 1975 quod
1091 1893 1126 1957 in

70 1981 268 2046 relatoribus
292 2003 404 2045 eorum
429 1983 562 2046 semitas
585 1982 710 2046 faciunt
733 1985 766 2044 et
790 2002 914 2063 aarum,
937 1979 994 2044 ubi
1019 1980 1126 2044 cibum

111 2071 320 2135 constituant.
347 2071 380 2133 in
402 2069 466 2134 hoc
489 2069 612 2134 dolium
635 2069 758 2134 addunt
780 2068 930 2152 glandem
954 2071 1011 2132 aut
1028 2090 1126 2133 nuces

110 2158 281 2243 iuglandes
310 2161 368 2222 aut
394 2160 589 2223 castaneam.
640 2157 757 2242 quibus
789 2157 823 2220 in
856 2157 1015 2235 tenebris,
1053 2179 1126 2223 cum

112 2249 289 2329 operculum
313 2247 491 2330 inpositum
515 2250 566 2310 est
588 2245 623 2310 in
647 2244 759 2327 doleis,
777 2245 860 2309 fiunt
881 2246 1030 2331 pingues.

200 2334 341 2418 Appius,
372 2333 480 2420 Igitur
511 2334 720 2419 relinquitur,
752 2333 874 2416 inquit,
906 2333 945 2395 de
977 2334 1126 2416 pastione
1136 2346 1203 2402 XVI

73 2445 97 2486 ss
111 2423 256 2487 villatica
283 2423 399 2488 tertius
432 2425 523 2488 actus
548 2424 587 2487 de
610 2421 752 2506 piscinis.
799 2421 881 2496 Quid
903 2421 1042 2484 tertius?
1078 2421 1126 2485 in-
1186 2486 1190 2491 ,

110 2514 182 2594 quit
205 2512 317 2576 Axius.
362 2533 404 2576 an
427 2513 504 2596 quia
526 2514 563 2576 tu
586 2512 702 2577 solitus
727 2532 761 2574 es
780 2511 816 2573 in
834 2508 1052 2573 adulescentia
1070 2512 1126 2573 tua

110 2600 199 2664 domi
226 2601 368 2665 mulsum
395 2622 464 2666 non
490 2601 602 2666 bibere
628 2603 761 2685 propter
787 2597 1038 2682 parsimoniam,
1066 2618 1127 2661 nos

110 2690 175 2752 mel
198 2690 425 2774 neclegemus‘?
461 2688 591 2774 Appius
614 2690 718 2772 nobis,
740 2687 863 2752 Verum
893 2685 985 2770 dicit,
1011 2685 1126 2769 inquit.

202 2895 339 2949 leisdem
412 2900 604 2966 ‘lpascuntur
627 2913 681 2965 qua
755 2903 786 2951 11
810 2912 863 2951 nec
887 2913 972 2951 exea
991 2896 1067 2963 Pol,
1090 2911 1125 2950 ne

112 2980 146 3017 ex
165 2978 200 3016 ea
224 2981 319 3034 apogr.
393 2971 426 3019 12
452 2969 546 3021 ferunt
568 2969 701 3036 glandem
774 2973 807 3022 15
831 2966 875 3020 his
899 2966 944 3035 (iis
964 2967 1127 3036 apographo

103 3034 258 3102 adunallo)
337 3035 433 3089 clauos
512 3042 545 3090 16
570 3053 631 3092 esse
653 3039 766 3091 tenuem
788 3054 882 3107 apogr.
907 3042 933 3090 ct
956 3036 1041 3100 Via,
1068 3052 1126 3090 esse

110 3105 145 3160 iis
163 3107 278 3160 tenuem
296 3105 356 3159 Pol.
413 3110 446 3159 19
465 3105 557 3173 adque
612 3112 645 3160 22
666 3106 832 3160 cumularim
850 3104 975 3173 positum
1028 3111 1063 3158 24
1084 3106 1126 3158 in-

111 3178 179 3247 quid
216 3182 251 3230 26
270 3174 464 3230 adolescentia
482 3174 687 3243 (adulescentia
704 3177 762 3230 eod.
783 3177 862 3246 Pan)
899 3180 934 3228 28
953 3173 1126 3243 reelegimus

201 3353 351 3408 leaedem
372 3351 521 3406 Iucundos
592 3350 705 3405 bacris
729 3350 858 3405 amicita
931 3351 1125 3418 ‘lpasoantur

111 3443 216 3494 quaec
268 3431 300 3479 12
320 3422 412 3478 ferant
430 3422 561 3493 glandem
580 3423 727 3478 Iaowzdas
778 3424 950 3476 lacunosa
1007 3425 1041 3473 22
1060 3435 1124 3473 cum

81 3521 86 3530 1
110 3496 189 3551 anlar
207 3496 371 3566 impositum
389 3497 432 3550 est
449 3493 574 3565 Scaliger
645 3498 679 3547 28
697 3491 873 3563 negligemus
892 3493 1040 3548 Iucundos
