2452 3938
127 160 168 224 76
538 162 725 219 VARRONIS

125 327 234 370 rerum
252 308 448 373 rusticarum
468 309 612 375 omnium
632 310 784 394 palmam,
803 330 866 393 quo
886 309 1002 375 melius
1021 314 1144 396 potest,

126 394 220 461 dicet.
266 394 347 462 Cum
370 399 608 463 convertissent
629 399 664 462 in
688 420 762 463 eum
785 419 843 462 ora
865 419 988 479 omnes,
1018 397 1144 484 Scrofa,

125 481 245 568 Igitur,
277 486 398 572 inquit,
431 490 481 551 est
510 487 648 553 scientia
673 486 801 570 pecoris
832 487 974 571 parandi
1001 510 1039 553 ac
1067 509 1144 572 pas-

126 571 227 657 cendi,
255 577 292 638 ut
318 576 443 640 fructus
471 597 569 659 quam
596 577 725 660 possint
746 575 883 640 maximi
905 577 1080 660 capiantur
1104 598 1144 641 ex

126 681 172 741 eo,
198 683 217 724 a
241 663 357 745 quibus
379 665 453 748 ipsa
474 665 612 749 pecunia
634 665 805 731 nominata
826 669 891 729 est:
932 687 1010 730 nam
1035 667 1142 732 omnis
1169 685 1181 726 s

75 757 114 813 12
124 749 279 831 pecuniae
298 774 397 835 pecus
416 754 689 820 fundamentum.-
710 775 748 818 ea
766 757 875 837 partes
894 752 997 819 habet
1014 776 1144 838 novem,

126 835 283 904 discretas
311 844 362 906 ter
389 846 518 928 ternas,
545 847 583 908 ut
611 844 654 908 sit
680 864 745 907 una
772 842 812 907 de
842 842 1024 908 minoribus
1046 865 1143 927 pecu-

126 923 231 1006 dibus,
255 930 346 994 cuius
370 951 490 1016 genera
512 933 591 1011 tria,
619 954 696 997 oves
720 951 837 1013 caprae
861 953 951 1018 sues,
975 933 1081 997 altera
1105 932 1143 996 de

125 1035 242 1096 pecora
265 1019 404 1104 maiore,
432 1021 553 1104 inquo
578 1024 655 1085 sunt
677 1020 756 1084 item
782 1020 821 1084 ad
844 1023 911 1084 tres
936 1021 1062 1106 speeies
1087 1042 1143 1085 na-

125 1104 199 1167 tura
232 1105 363 1172 discreti
394 1110 495 1174 boves
528 1110 612 1173 asini
644 1110 727 1193 equi.
781 1109 880 1172 tertia
911 1131 987 1193 pars
1021 1113 1074 1174 est
1109 1110 1142 1173 in
1156 1130 1181 1168 ic

126 1195 279 1271 pecuaria
298 1218 380 1281 quae
399 1219 467 1263 non
485 1202 652 1282 parantur,
670 1202 707 1262 ut
726 1219 764 1262 ex
783 1198 824 1260 iis
843 1198 991 1281 capiatur
1006 1197 1144 1282 fructus,

126 1279 184 1344 sed
206 1288 342 1368 propter
365 1309 437 1351 eam
461 1291 518 1353 aut
542 1308 639 1352 exea
660 1289 744 1370 sunt,
767 1287 848 1350 muli
866 1308 963 1351 canes
983 1291 1144 1371 pastores.

125 1365 242 1436 harum
270 1395 335 1440 una
359 1397 504 1462 quaeque
533 1377 566 1440 in
591 1397 626 1440 se
649 1376 808 1462 generalis
831 1376 936 1458 partis
959 1375 1061 1439 habet
1084 1376 1143 1440 mi-

126 1457 252 1527 nimum
266 1486 420 1551 novenas,
439 1487 577 1551 quarum
590 1465 624 1528 in
643 1485 758 1547 pecore
777 1463 921 1547 parando
938 1465 1143 1529 necessariae

127 1553 290 1634 quattuor,
314 1556 437 1620 alterae
460 1556 495 1620 in
513 1553 676 1638 pascendo
695 1552 846 1636 totidem3
870 1556 1040 1635 praeterea
1059 1575 1142 1618 com·
1156 1571 1178 1612 a

126 1640 235 1705 munis
258 1665 332 1708 una.
378 1644 426 1707 ita
448 1644 531 1707 fiunt
553 1642 697 1707 omnium
720 1645 830 1724 partes
854 1641 1026 1706 minimum
1055 1647 1142 1708 octo-

74 1730 113 1787 13
127 1725 220 1807 ginta
243 1734 277 1794 et
299 1754 372 1815 una,
396 1735 428 1795 et
452 1730 583 1814 quidem
605 1731 808 1795 necessariae
829 1751 889 1795 nac
911 1753 1041 1815 parvae.
1079 1732 1143 1815 pri-

127 1835 216 1880 mum
239 1823 276 1883 ut
298 1820 420 1884 bonum
438 1840 534 1903 pares
558 1840 665 1903 pecua,
690 1819 771 1883 scire
791 1823 928 1904 oportet,
951 1842 1016 1905 qua
1035 1823 1143 1884 aetate

126 1923 226 1970 unam
258 1929 418 1993 quamque
446 1907 600 1992 pecudem
627 1929 743 1990 parare
770 1908 956 1993 habereque
983 1909 1143 1992 expediat.

127 1992 239 2077 itaque
268 1999 302 2061 in
333 1998 454 2062 bubulo
483 2017 598 2080 pecore
626 1997 762 2061 minoris
794 1997 912 2061 emitur
936 1996 1089 2063 annicula
1112 2002 1178 2064 ets

127 2103 226 2166 supra
245 2087 355 2151 decem
376 2107 545 2170 annorum,
564 2085 650 2169 quod
670 2107 689 2149 a
708 2085 797 2149 bima
817 2090 875 2150 aut
888 2086 987 2150 trima
999 2086 1144 2152 fructum

128 2170 212 2237 ferre
234 2176 350 2260 incipit
372 2197 475 2260 neque
498 2175 628 2258 longius
651 2176 727 2257 post
749 2175 909 2238 decimum
928 2196 1050 2239 annum
1070 2197 1143 2259 pro·

77 2260 223 2330 14cedit
277 2286 354 2329 nam
387 2266 494 2347 prima
526 2266 615 2328 aetas
646 2263 752 2326 omnis
780 2263 907 2347 pecoris
936 2266 969 2327 et
997 2269 1144 2329 extrema

129 2353 258 2419 sterilis.
309 2376 327 2418 e
355 2357 509 2437 quattuor
531 2352 648 2434 primis
675 2353 778 2415 altera
809 2373 885 2435 pars
918 2355 967 2416 cst
997 2354 1144 2437 cognitio

129 2440 252 2507 formae
271 2443 368 2506 unius
388 2443 542 2526 cuiusque
560 2439 700 2526 pecudis,
720 2439 824 2525 qualis
844 2440 896 2506 sit.
924 2443 1037 2524 magni
1055 2443 1143 2506 enim
1156 2458 1180 2500 2⁵

128 2529 273 2616 interest,
293 2532 383 2595 cuius
403 2530 492 2595 modi
511 2550 657 2614 quaeque
680 2529 723 2593 sit
737 2528 778 2592 ad
791 2529 944 2594 fructum.
971 2530 1019 2593 ita
1033 2532 1144 2613 potius

129 2618 245 2684 bovem
260 2622 372 2684 emunt
386 2618 540 2683 cornibus
554 2617 761 2701 nigrantibus
782 2640 879 2703 quam
898 2617 993 2703 albis,
1011 2640 1145 2702 capram

128 2709 272 2791 amplam
292 2729 390 2791 quam
408 2728 552 2790 parvam,
571 2727 645 2771 sues
663 2727 797 2790 procero
817 2721 960 2790 corpore,
981 2709 1144 2792 capitibus

218 2915 312 2971 zdici
408 2915 540 2984 ³inquid
638 2917 863 2988 4e1e0]exea
963 2917 1144 2974 'ldescretas

129 2991 250 3057 8oapra
269 3003 315 3041 sus
416 2994 448 3041 11
467 2987 584 3058 paratur
685 2993 717 3042 12
738 2988 813 3058 sunt]
834 2986 891 3042 sint
990 2994 1024 3042 13
1043 2989 1145 3044 horum

131 3064 163 3112 13
182 3057 343 3129 minimum]
367 3057 511 3113 hominum
531 3060 625 3130 priore
647 3059 704 3114 loco
778 3065 811 3113 18
834 3075 920 3112 unum
939 3058 1011 3113 scire
1031 3062 1147 3129 oportet

129 3148 185 3198 qua
204 3131 297 3184 aetate
316 3146 457 3199 quamquo
554 3135 588 3184 20
608 3128 701 3185 emitis
719 3129 879 3184 anniculam
978 3136 1014 3184 24
1033 3129 1146 3186 sterelis

128 3205 163 3256 24
181 3200 280 3271 primis
299 3218 350 3258 om.
458 3207 493 3255 26
515 3200 558 3255 ita
580 3201 674 3272 potius
693 3200 800 3269 (itaque
818 3201 912 3270 potius
936 3200 969 3268 V,
987 3200 1030 3255 ita
1048 3201 1145 3272 potius

128 3273 194 3327 labri
211 3289 297 3327 mana
314 3274 412 3343 scripti
429 3274 530 3341 omncs)

153 3479 155 3482 <
218 3450 329 3506 2dioet
347 3451 508 3507 Pelisserc'os
526 3451 603 3519 opud
623 3449 779 3504 Taambron
796 3419 901 3505 advos
916 3453 980 3517 4,6
1046 3455 1079 3504 11
1093 3465 1143 3520 pa

127 3522 226 3576 rantur
242 3523 300 3576 cccl.
321 3523 388 3577 Por.
464 3529 496 3577 13
515 3522 615 3575 harum
634 3522 783 3576 Iucundos
