2452 3938
261 143 392 199 RERVM
412 144 647 200 RVSTICARVM
666 144 735 200 LIB.
750 145 762 197 Ι
776 149 881 198 28-31
1031 145 1073 206 47

62 293 211 372 tempore
239 289 315 352 fieri*
338 289 518 373 oportuerit
545 294 579 354 et
605 311 672 354 non
700 292 777 353 sunt
799 289 959 372 absoluta,
989 294 1076 354 ante-

62 400 161 462 quam
181 397 326 462 gemmas
345 380 447 462 agant
462 377 681 442 ecflorescere
696 378 863 461 incipiant,
881 377 961 456 fieri,
980 379 1075 462 quod,
1175 425 1177 428 -

62 467 90 531 si
114 487 197 549 quae
221 465 302 529 folia
322 469 471 530 amittere
491 467 597 530 solent
613 470 690 530 ante
709 465 859 530 frondere
877 466 1075 550 inceperunt,

61 554 176 620 statim
200 554 242 617 ad
265 554 435 618 serendum
458 553 573 618 idonea
596 577 663 619 non
686 557 770 619 sunt.
810 555 915 619 oleam
940 550 1003 619 seri
1027 556 1075 618 in-

34 642 286 727 sterpntarique
309 646 448 726 oportet.

152 731 263 795 Tertio
287 730 461 796 intervallo
484 731 571 795 inter
593 730 800 815 vergiliarum
824 733 971 796 exortum
995 736 1028 795 et
1036 745 1127 800 XXXI

60 819 241 885 solstitium
266 819 348 883 haec
374 819 446 884 fieri
473 819 598 884 debent.
648 820 760 884 vineas
793 820 939 884 novellas
965 820 1075 884 fodere

60 912 119 973 aut
142 929 235 973 arare
259 911 292 971 et
314 911 429 992 postea
452 928 573 992 occare,
599 907 707 971 idt
657 913 707 972 est
730 908 945 991 conminuere,
967 930 1007 972 ne
1031 909 1075 973 sit

61 997 206 1082 glaeba,
226 995 312 1080 quod
334 996 381 1060 ita
400 997 560 1077 occidunt,
584 1018 696 1061 occare
717 996 846 1061 dictum
883 997 930 1060 vit
933 1018 966 1060 es
984 1019 1074 1080 pam·

19 1085 203 1186 iopinari,
213 1084 268 1148 sed
297 1107 316 1147 a
344 1085 465 1149 sciente
449 1047 586 1168 e(naln
614 1085 647 1149 id
676 1108 773 1169 quam
800 1090 916 1169 putare
945 1083 1075 1171 maius),

60 1195 228 1258 nequem
192 1173 400 1257 marbusto,
423 1173 515 1237 sed
506 1196 540 1237 in
567 1174 663 1238 vinea
688 1175 766 1239 fieri.
811 1174 1002 1276 pampinare
1026 1180 1104 1238 est2

62 1285 79 1328 e
104 1264 269 1327 sarmento
292 1261 380 1326 uoles
404 1263 459 1344 qui
481 1264 551 1326 nati
574 1265 650 1325 sunt
636 1262 796 1344 tde'',11s
821 1266 877 1346 qui
899 1263 1075 1345 plurimum

60 1352 187 1432 valent,
221 1349 362 1433 primum
392 1372 428 1414 ac
456 1350 647 1432 secundum,
678 1372 746 1415 non
774 1373 948 1435 numquam
977 1353 1074 1416 etiam

61 1440 205 1523 tertium,
229 1437 419 1522 relinquere,
442 1440 583 1522 reliquos
607 1438 793 1521 decerpere,
815 1460 856 1502 ne
879 1439 999 1503 relictis
1023 1462 1076 1504 oo-

22 1547 47 1590 15
60 1527 149 1592 libus
175 1529 374 1591 sarmentum
401 1531 542 1611 nequeat
570 1525 756 1590 ministrare
780 1547 901 1590 sucum.
946 1526 1018 1591 ideo
1042 1528 1076 1590 in

61 1616 195 1681 vitiario
219 1616 371 1699 primitus
394 1638 467 1680 cum
491 1616 558 1680 exit
579 1614 663 1692 vitis,
686 1618 757 1679 tota
775 1615 906 1679 resicari
925 1616 1017 1697 solet,
1040 1619 1077 1679 ut

62 1704 206 1769 firmiore
234 1707 399 1768 sarmento
429 1725 446 1767 e
473 1709 560 1768 terra
593 1709 686 1768 exeat
717 1707 813 1787 atque
845 1705 879 1768 in
911 1703 1075 1788 pariendis

63 1793 190 1858 colibus
217 1789 302 1857 vires
330 1793 451 1858 habeat
478 1792 625 1858 maiores.
677 1792 858 1857 eiuncidum
892 1793 977 1856 enim
1011 1800 1105 1857 sar-3

62 1885 210 1945 mentum
232 1884 366 1964 propter
389 1880 614 1945 infirmitatem
637 1881 748 1946 sterile
771 1883 874 1965 neque
897 1904 936 1944 ex
960 1903 994 1944 se
1020 1903 1076 1964 po-

23 1973 132 2035 eotest
159 1970 260 2034 eicere
288 1971 404 2053 vitem,
437 1992 533 2053 quam
565 1974 683 2034 vocant
715 1971 872 2035 minorem
903 1970 1077 2053 flagellum,

64 2058 222 2123 maiorem
246 2060 279 2121 et
301 2058 367 2122 iam
391 2059 476 2122 unde
499 2080 579 2122 uvae
603 2061 782 2123 nascuntur
804 2058 955 2142 palmam.
987 2058 1077 2140 prior

62 2147 176 2211 littera
203 2169 268 2211 una
295 2150 423 2211 mutata
451 2147 613 2210 declinate
641 2167 660 2209 a
687 2147 778 2211 venti
804 2147 898 2229 flatu,
926 2147 1076 2210 similiter

64 2256 103 2300 ao
131 2234 296 2299 flabellum
322 2234 498 2320 flagellum.
547 2234 722 2317 posterior,
749 2233 836 2317 quod
865 2255 902 2297 ea
925 2236 1002 2298 vitis
1026 2234 1075 2297 in-

63 2324 208 2388 mittitur
239 2324 279 2387 ad
311 2345 391 2387 uvas
424 2322 614 2406 pariendas,
649 2323 735 2386 diota
767 2323 871 2404 primo
901 2323 1029 2387 videtur
1057 2345 1075 2385 a

23 2432 50 2473 ιι
63 2412 221 2496 pariendo
244 2412 413 2495 parilema:
438 2411 511 2474 exin
533 2411 667 2474 mutatis
690 2411 819 2494 litteris,
842 2413 880 2474 ut
902 2410 936 2472 in
955 2410 1106 2493 multia,4

65 2501 130 2565 diei
153 2503 269 2583 coepta
291 2500 411 2583 palma.
457 2523 496 2564 ex
524 2499 627 2563 altera
656 2502 749 2582 parte
772 2498 859 2583 parit
882 2498 1075 2580 capreolum.

63 2589 93 2653 is
118 2593 169 2653 est
191 2589 347 2653 coliculus
370 2589 475 2652 viteus
498 2589 650 2665 intortus,
673 2591 710 2651 ut
732 2587 909 2652 cincinnus.
943 2586 978 2650 hi
1001 2591 1076 2650 sunt

63 2676 152 2741 enim
179 2677 256 2743 ritis
284 2675 402 2761 quibus
427 2679 537 2740 teneat
564 2676 596 2740 id
621 2699 684 2762 quo
708 2675 872 2758 serpitacl
894 2677 1001 2740 locum
1026 2697 1075 2740 ca-

63 2766 229 2849 piendum,
253 2789 272 2830 o
295 2787 357 2850 quo
381 2765 539 2846 capiendo
563 2766 730 2848 capreolus
754 2765 867 2829 dictus
906 2786 1002 2828 omne
1021 2785 1076 2846 pa-

22 2875 50 2916 eo
65 2854 190 2938 bulum,
212 2854 352 2937 primum
377 2853 506 2917 ocinum
528 2852 728 2938 farraginem
751 2854 877 2936 viciam,
901 2852 1077 2917 novissime

155 2992 261 3046 3folia
278 2993 391 3046 mittere
480 2989 642 3059 inciperunt
731 2993 796 3046 8et
814 2992 913 3059 postea
931 3006 1030 3046 occare
1047 2991 1077 3044 et

62 3064 165 3132 postea
183 3063 370 3117 comminuere
444 3066 477 3114 13
495 3061 594 3115 ualent
613 3064 783 3117 asecundum
796 3064 909 3144 (ualent
928 3062 963 3116 ad
980 3076 1077 3114 secun·

63 3135 132 3188 dum
156 3133 195 3203 V)
238 3139 273 3187 23
292 3132 379 3201 quod]
400 3149 454 3201 quo
501 3138 536 3187 2⁷
555 3131 586 3185 hi
604 3135 671 3187 suut
688 3132 818 3201 enim]1s
838 3134 913 3186 enim
954 3137 987 3184 28
1008 3131 1075 3200 quo]

64 3220 123 3274 que
194 3210 228 3259 29
249 3219 266 3257 a
284 3221 334 3260 om.
408 3209 442 3258 30
461 3203 582 3272 primum
597 3204 717 3258 ocimum

155 3352 171 3400 3
189 3345 259 3399 folia
277 3345 407 3400 amittere
431 3345 570 3400 Victorius
651 3349 667 3398 8
694 3346 723 3398 et
745 3345 844 3414 postea
869 3358 967 3398 occare
985 3341 1016 3395 id
1035 3344 1077 3395 est

65 3416 244 3472 conminuere
263 3417 418 3486 Noniuep
434 3420 470 3470 61
550 3420 582 3469 13
594 3414 723 3496 ..primum
741 3432 774 3469 ac
794 3413 947 3468 secundum
966 3412 1078 3468 Nouius

61 3505 91 3556 p.
106 3491 144 3543 93
215 3493 249 3542 23
268 3488 344 3556 quod
362 3504 396 3542 ea
413 3487 481 3541 vitis
500 3485 652 3540 summittit
641 3494 693 3540 tur
706 3485 841 3541 Gesonae
