2452 3938
125 116 191 181 112
540 113 726 170 VARRONIS

121 259 209 325 citur
235 264 323 329 enim
346 261 460 327 eduliis
487 263 521 323 et
542 259 684 341 ossibus,
711 280 778 322 non
800 258 911 322 herbis
935 262 994 323 aut
1014 257 1135 323 fronde.

122 347 297 435 diligenter
319 355 356 415 ut
372 351 491 413 habeat
509 346 631 411 cibaria
649 346 891 430 providendum.
929 347 1031 411 fames
1051 347 1138 410 enim

121 435 184 503 hoa
207 439 249 503 ad
272 436 488 523 quaerendum
517 436 624 500 cibum
647 436 750 519 ducet,
779 437 806 499 si
829 457 896 499 non
919 435 1137 518 praebebitur,

94 531 159 590 bet
182 549 202 591 a
223 548 339 611 pecore
361 522 509 587 abducet:
532 523 598 588 nisi
622 524 658 607 si,
682 528 719 587 ut
741 524 872 608 quidam
890 527 1017 607 putant,
1040 525 1137 587 etiam

123 612 209 681 illue
229 610 448 697 pervenerint,
476 613 683 695 proverbium
711 617 747 677 ut
774 613 895 677 tollant
919 612 1065 677 anticum
1088 614 1137 676 vel
1160 631 1170 672 a

122 701 223 765 etiam
246 705 284 765 ut
304 701 419 784 μῦθον
443 701 593 783 aperiant
616 701 655 765 de
678 700 842 765 Actaeone
867 704 965 785 atque
983 701 1019 765 in
1038 701 1138 764 domi-

72 794 114 853 10
123 810 203 855 num
226 788 375 853 adferant
398 788 521 854 denms.
557 811 618 855 nec
639 811 706 854 non
728 789 776 853 ita
793 811 911 872 panem
929 789 1139 854 hordeacium

122 877 273 961 dandum,
303 880 341 940 ut
371 898 439 941 non
471 878 580 962 potius
613 899 687 942 eum
718 878 753 942 in
780 877 864 943 lacte
892 877 949 942 des
979 878 1139 961 intritum,

123 966 209 1051 quod
234 987 273 1031 co
300 968 448 1031 consueti
475 968 548 1032 cibo
576 967 624 1030 uti
654 989 674 1030 a
700 988 815 1049 pecore
844 987 911 1030 non
934 967 999 1031 cito
1024 966 1139 1032 descis-

122 1060 208 1120 cunt
252 1055 445 1120 morticinae
476 1056 546 1121 ovis
569 1077 636 1120 non
658 1055 828 1139 patiuntur
850 1054 938 1119 vesci
961 1077 1072 1138 carne,
1099 1076 1137 1119 ne
1150 1075 1171 1115 a

121 1142 213 1207 ducti
233 1163 349 1226 sapore
372 1146 480 1209 minus
504 1167 539 1209 se
563 1144 757 1208 abstineant
800 1143 879 1207 daut
901 1143 1002 1207 etiam
1026 1144 1077 1208 ius
1102 1165 1139 1207 er

120 1230 249 1297 ossibus
277 1234 310 1296 et
337 1254 375 1296 ea
402 1233 475 1317 ipsa
502 1255 578 1297 ossa
605 1236 748 1296 contusa.
802 1232 914 1296 dentes
942 1232 1031 1296 enim
1060 1231 1139 1296 facit

118 1318 279 1384 firmiores
303 1324 336 1384 et
360 1343 396 1386 os
420 1323 525 1406 magis
549 1321 709 1405 patulum,
739 1324 912 1404 propterea
934 1320 1022 1405 quod
1045 1322 1137 1385 vehe-

120 1407 260 1472 mentius
289 1408 482 1476 diducuntur
510 1411 627 1493 malae,
663 1409 865 1493 acrioresque
894 1409 977 1472 fiunt
1005 1413 1138 1494 propter

120 1495 336 1562 medullarum
364 1522 521 1584 saporem.
568 1499 674 1563 cibum
703 1519 816 1581 capere
847 1502 1064 1563 consuescunt
1093 1500 1136 1561 in·
1148 1514 1168 1556 a

73 1594 110 1650 11
121 1583 237 1667 tandiu,
255 1587 311 1651 ubi
330 1592 516 1671 pascuntur,
534 1586 672 1670 vesperi,
690 1587 748 1650 ubi
767 1587 983 1652 stabulantur.
1012 1586 1137 1651 feturae

119 1672 317 1758 principium
350 1675 542 1741 admittendi
572 1675 697 1741 faciunt
729 1674 814 1739 veris
847 1674 1023 1758 principio:
1070 1680 1137 1740 tum

120 1760 207 1825 enim
231 1763 383 1829 dicuntur
406 1764 555 1848 catulire,
584 1763 617 1827 id
642 1767 692 1827 est
715 1763 884 1827 ostendere
908 1763 991 1828 velle
1016 1784 1051 1827 se
1075 1785 1136 1827 ma·

119 1849 223 1915 ritari.
261 1875 344 1936 quae
366 1857 436 1917 tum
455 1852 624 1934 admissae,
647 1852 779 1936 pariunt
797 1852 924 1916 circiter
943 1852 1136 1917 solstitium:

119 1945 317 2023 praegnates
341 1942 426 2006 enim
451 1942 557 2005 solent
580 1962 650 2005 esse
672 1945 783 2004 ternos
803 1961 938 2006 menses.
974 1941 1010 2005 in
1031 1939 1167 2005 feturas

32 2076 36 2081 .
120 2026 263 2093 dandum
281 2031 390 2114 potius
408 2029 597 2095 hordeacios
617 2051 715 2112 quam
733 2029 872 2092 triticios
891 2050 1008 2111 panes:
1033 2030 1136 2114 magis

120 2116 207 2180 enim
227 2139 264 2183 eo
284 2121 417 2184 aluntur
436 2122 468 2183 et
484 2119 578 2182 lactis
592 2118 749 2200 praebent
762 2118 920 2182 maiorem
936 2115 1137 2182 facultatem.

72 2205 156 2275 lain
177 2208 342 2272 nutricatu
367 2207 541 2272 secundum
564 2209 703 2290 partum,
727 2205 755 2269 si
777 2207 886 2288 plures
910 2209 1002 2290 sunt,
1027 2207 1137 2270 statim

121 2293 241 2378 eligere
274 2300 403 2381 oportet
436 2317 517 2379 quos
549 2295 670 2359 habere
702 2293 793 2375 velis,
824 2294 968 2377 reliquos
1001 2295 1137 2360 abicere.

121 2404 219 2465 quam
247 2385 460 2468 paucissimos
488 2383 672 2467 reliqueris,
703 2385 772 2447 tam
805 2383 921 2465 optimi
952 2382 987 2446 in
1022 2385 1168 2448 alendos

120 2470 204 2536 fiunt
226 2480 359 2557 propter
382 2473 509 2556 copiam
531 2473 634 2537 lactis.
672 2472 888 2535 substernitur
911 2470 957 2535 eis
981 2493 1061 2537 acus
1084 2475 1138 2536 aut

122 2560 200 2642 quid
231 2561 310 2625 item
344 2562 439 2644 aliut,
471 2558 557 2645 quo'd
589 2559 738 2624 molliore
771 2559 870 2624 cubili
900 2559 1029 2625 facilius
1063 2561 1137 2625 edu-

122 2652 244 2713 centur.
296 2651 393 2713 catuli
427 2649 540 2713 diebus
572 2667 619 2713 xx
650 2647 758 2712 videre
790 2647 957 2731 incipiunt.
1011 2650 1137 2714 duobus

121 2737 286 2801 mensibus
318 2738 433 2820 primis
464 2759 484 2800 a
514 2742 610 2821 partu
643 2759 709 2802 non
737 2736 948 2820 diiunguntur
976 2759 995 2800 a
1024 2741 1138 2820 matre,

211 2928 363 3053 ledalfisd
384 2928 479 2983 eeuria
550 2936 603 2982 4a
627 2928 740 2999 pecore]
768 2942 872 2997 apeco
945 2930 1014 2984 5ut
1029 2886 1138 2985 leuant

122 3001 248 3069 badque
308 3006 324 3054 9
364 3003 462 3054 escunt
516 3006 548 3053 11
567 3000 612 3054 ius
629 2999 674 3066 (iia
694 3000 763 3067 Por,
777 2998 820 3053 ius
839 3002 945 3069 apopr.)
1011 3007 1045 3054 19
1066 3019 1138 3070 quae

122 3086 184 3124 cum
244 3070 365 3151 solstitio
422 3068 640 3195 ¹2'llquidpquit
693 3071 821 3124 molliore
841 3071 968 3141 (meliore
993 3071 1020 3124 V
1036 3078 1062 3126 et
1080 3075 1137 3129 cod.

122 3140 211 3207 Flor„
229 3142 357 3197 molliore
375 3143 474 3211 relique
492 3147 518 3196 et
563 3143 620 3210 eet.)

210 3327 228 3374 4
247 3336 264 3373 a
282 3335 383 3389 pecore
401 3336 417 3374 c
435 3324 461 3374 et
479 3320 544 3373 libri
562 3320 722 3374 recentiores
789 3325 805 3373 5
828 3319 861 3373 ut
877 3319 984 3374 tollant
1002 3321 1139 3377 Gesnerus

123 3397 232 3446 auctore
255 3390 353 3445 Ursino
391 3396 406 3443 9
426 3388 586 3444 desciscunt
602 3389 738 3461 Ampeliou
784 3395 816 3443 19
837 3406 908 3458 quae
927 3393 996 3445 tunc
1019 3391 1138 3449 Ursinus

123 3462 234 3517 circiter
252 3461 405 3516 solstitium
424 3460 552 3516 Reiterue
570 3467 670 3530 quaet.
695 3460 777 3515 Varr.
795 3477 907 3531 precem.
924 3479 954 3531 p.
970 3467 1006 3518 69
