2452 3938
265 111 395 166 usnvn
414 111 736 195 ruscimannus.
755 113 782 166 ιι
802 120 870 167 ι-ι
1032 112 1074 178 81

62 257 265 344 aliquotiens
293 256 420 321 dicatur
446 256 570 322 Romae
597 257 760 342 peperisse
784 259 880 323 mula.
931 257 990 324 Oui
1014 279 1075 344 ego

61 353 100 411 ut
129 346 342 429 succinerem,
370 345 492 410 subicio
516 345 691 430 Magonem
720 350 754 410 et
775 345 968 430 Dionysium
998 349 1076 411 scri-

61 437 149 517 bere,
168 436 257 498 mula
277 438 310 499 et
328 455 410 517 equa
428 455 501 498 cum
520 435 735 519 conceperint,
757 435 945 500 duodecimo
965 457 1076 500 mense

62 544 187 608 parere.
225 544 323 607 quare
346 543 421 601 non,
444 523 473 586 si
495 522 582 587 hic
572 544 606 587 ιιι
625 523 723 587 Italia
746 545 819 587 cum
841 523 969 606 peperit
987 525 1077 591 mula

35 614 108 677 asit
134 614 333 696 portentum,
365 611 520 675 adsentiri
557 632 669 676 omnes
699 596 813 676 terras
856 633 960 696 neque
990 613 1077 676 enim

63 699 313 765 hirundinest
281 702 313 764 et
335 699 487 783 ciconiae,
510 721 591 785 quae
614 700 648 765 in
671 699 768 765 Italia
790 700 962 785 pariunt,
952 723 985 764 ιιι
1010 723 1076 767 οιιι-

62 789 161 854 nibus
193 788 289 852 terris
321 787 461 872 pariunt.
513 809 577 853 non
614 789 703 853 scitis
736 790 896 871 palmulas
928 792 1076 854 careotas

63 877 180 962 syrias·
200 898 313 960 parere
343 877 379 941 iu
406 875 544 960 Iudaea,
572 877 607 940 in
635 876 734 942 Italia
764 900 830 941 non
857 878 975 961 posse?
1014 877 1075 942 Sed
1088 885 1130 945 28

64 964 192 1048 Scrofa,
223 963 258 1030 Si
281 965 408 1048 exigere
430 965 534 1029 mavis
559 965 627 1030 siue
650 967 811 1030 mulorum
834 966 941 1031 fetura
963 970 997 1030 et
1018 989 1078 1031 nu-

24 1077 49 1117 ro
62 1055 187 1119 tricatu
208 1074 378 1117 numerum
402 1052 570 1138 octoginta
593 1058 625 1118 et
648 1077 764 1138 unum,
792 1058 841 1118 est
869 1054 924 1139 qui
948 1057 1078 1141 expleas

64 1141 229 1226 duplicem
247 1143 346 1206 istam
365 1142 522 1226 lacunam,
540 1141 625 1225 quod
645 1144 918 1208 extraordinariae
936 1142 1079 1209 fructum

65 1231 189 1315 species
220 1230 301 1294 duae
325 1230 482 1294 accedunt
504 1250 657 1314 maguae,
687 1253 822 1315 quarum
845 1253 911 1296 uua
933 1237 983 1297 est
1005 1237 1079 1297 ton-

65 1341 156 1403 sura,
197 1318 283 1404 quod
314 1339 390 1383 oves
424 1340 462 1383 ac
494 1340 609 1402 capras
641 1319 820 1383 detendunt
852 1324 908 1383 aut
938 1321 1079 1403 vellunt3

65 1408 179 1490 altera,
211 1428 293 1490 quae
323 1407 421 1471 latius
449 1410 556 1489 patet,
590 1406 628 1470 de
661 1407 745 1471 lacte
779 1411 812 1471 et
841 1428 951 1490 caseo,
983 1430 1080 1492 quarn

27 1497 243 1579 ascriptores
272 1495 380 1579 graeci
410 1495 586 1579 separatim
612 1496 810 1578 evocatorium
833 1496 1081 1579 appellaverunt

67 1606 105 1650 ac
130 1585 330 1668 scripserunt
353 1584 392 1647 de
416 1606 454 1648 ea
476 1605 512 1648 re
534 1584 706 1667 permulta.

90 1698 93 1701 ·
157 1670 220 1738 Sed
243 1671 395 1757 quoniam
418 1694 478 1737 nos
502 1677 652 1738 nostrum
669 1695 805 1757 pensum
825 1672 1022 1738 absolvimus
1042 1695 1080 1738 ac
1089 1689 1117 1743 11

66 1760 210 1827 limitata
229 1764 280 1825 cst
298 1761 449 1845 pecuaria
467 1762 625 1847 quaestio,
645 1783 731 1826 nunc
749 1784 861 1827 rursus
879 1784 937 1827 vos
957 1762 1081 1827 reddite

66 1850 181 1934 nobis,
208 1870 227 1913 o
256 1847 428 1933 Epirotae,
456 1850 494 1914 de
523 1873 588 1914 una
615 1872 741 1934 quaque
764 1873 815 1934 re,
845 1853 882 1915 ut
906 1851 1082 1934 videamus,

28 1937 148 2023 ecquid
172 1940 321 2090 pastores
345 1960 365 2001 a
386 1937 578 2022 Pergamide
597 1937 765 2003 Maledove
783 1940 869 2023 potis
889 1939 963 2003 sint.
994 1938 1111 2004 Atti-a

69 2049 136 2105 cus,
155 2027 212 2110 qui
230 2029 307 2091 tunc
325 2026 380 2090 Tit
366 2031 418 2090 tus
437 2025 646 2110 Pomponius,
664 2047 749 2090 nunc
768 2026 868 2128 Quint
870 2048 908 2091 us
854 2025 1081 2091 thecilius

69 2115 265 2216 cognomine
279 2114 401 2198 eodem,
420 2114 492 2199 Ego
507 2114 632 2216 opinor,
652 2114 935 2198 inquit,1ncipiam
951 2115 1083 2200 primus,

70 2203 243 2306 quoniam·
248 2202 284 2266 in
306 2224 358 2266 me
381 2202 488 2268 videre
512 2203 686 2267 coniecisse
710 2203 831 2286 oculos,
857 2206 891 2267 et
876 2203 1019 2268 tdicam
1043 2203 1082 2267 de

69 2290 267 2376 primigenia
288 2292 448 2374 pecuaria.
494 2291 611 2354 eteris
635 2291 720 2354 enim
743 2254 919 2373 pecudibus
942 2293 1083 2375 primum

29 2401 56 2442 ιι
71 2380 152 2445 dicis
172 2401 247 2444 oves
264 2379 502 2462 conprehensae
522 2379 562 2444 ab
579 2379 764 2444 hominibus
785 2400 822 2443 ao
836 2379 1083 2444 mansuefactus.

70 2469 133 2533 has
156 2467 297 2552 primurn
321 2472 451 2552 oportet
474 2470 576 2532 bonas
600 2489 714 2547 emere,
738 2489 819 2551 quae
839 2468 886 2531 ita
905 2467 946 2531 ab
966 2470 1084 2546 aetate,

71 2558 101 2621 si
121 2577 224 2640 neque
243 2557 368 2621 vetulae
388 2560 465 2620 sunt
481 2578 585 2641 neque
603 2578 709 2622 merae
729 2576 841 2640 agnae,
860 2556 946 2641 quod
963 2557 1084 2622 alterae

72 2645 170 2727 [iam]
192 2644 345 2729 nondum,
369 2646 489 2709 alterae
512 2647 579 2710 iam
598 2667 662 2710 non
682 2649 821 2728 possunt
839 2645 915 2710 dare
934 2646 1085 2710 fructum.

72 2733 130 2798 sed
158 2754 196 2797 ea
224 2732 339 2818 melior
366 2738 469 2816 aetas,
499 2756 597 2818 quam
627 2735 773 2819 sequitur
802 2756 876 2818 spes
884 2785 892 2818 ,
923 2757 1019 2819 quum
1047 2755 1085 2797 ea

30 2845 57 2885 eo
73 2843 174 2917 quam
205 2843 303 2887 mors
354 2822 392 2887 de
424 2821 529 2887 forma
561 2844 654 2916 ouem
686 2844 756 2888 esse
790 2827 921 2908 oportet
952 2832 1117 2907 corpore3

166 2995 300 3050 1mulam
354 3002 370 3049 2
390 2995 501 3079 subigio
556 3002 572 3051 6
591 2996 716 3050 ciconiae
735 2995 784 3065 qui
803 2995 945 3065 (ciconeae
965 3011 1036 3063 quae
1047 2994 1085 3062 V)

72 3072 90 3120 8
105 3065 210 3135 syriam
259 3064 291 3118 in
305 3066 444 3138 Iudaea]
436 3084 465 3120 ιιι
478 3067 557 3121 iurea
607 3072 641 3120 14
655 3067 730 3135 quod
744 3067 829 3121 latius
841 3070 928 3148 (quae
945 3065 1031 3119 latius
1046 3064 1085 3131 V)

75 3142 109 3191 15
129 3136 354 3191 TYPOTCOlan
431 3143 464 3191 22
483 3137 660 3218 cognomine]
685 3154 747 3191 cum
772 3137 885 3191 nomine
958 3142 991 3190 23
1011 3135 1086 3188 coni-

73 3208 147 3262 cisse
221 3213 256 3261 24
274 3207 420 3276 pecuariae
438 3207 505 3263 feris

167 3390 184 3439 8
210 3385 240 3438 in
271 3385 376 3440 Iudaea
413 3385 551 3440 Victoca'us
666 3388 699 3438 15
731 3383 896 3451 τυροποιίαν
929 3384 1089 3440 Pontianus

76 3461 112 3510 22
131 3456 297 3524 cognomine
322 3455 461 3511 Victorius·
533 3461 566 3509 23
587 3454 738 3510 coniecisse
757 3471 772 3510 v

131 3556 217 3596 Vareno
231 3566 285 3595 aaa.
299 3563 365 3595 ausu.
913 3553 929 3600 6
