2452 3938
308 157 439 213 RERVM
457 157 696 212 RVSTICARVM
713 157 780 212 LlB.
800 159 813 211 1
832 164 936 213 35—38
1080 158 1122 222 51

109 303 311 386 conveniret,
342 303 472 385 melius,
510 306 631 386 quanto
664 303 771 367 minus
803 303 938 368 haberet
968 304 1054 389 ignis
1091 304 1124 368 id

109 392 259 457 astrum?
297 391 366 456 dixi
389 392 426 454 de
451 390 685 475 quadripertita
707 392 813 456 forma
836 393 871 456 iu
894 394 1021 472 cultura
1044 393 1124 478 agri.

199 479 305 560 Stolo,
332 479 394 544 Est
417 479 532 563 altera,
559 481 677 564 inquit,
701 484 885 563 temporum
909 480 1025 546 divisio
1049 488 1155 546 con-4

107 571 219 635 iuncta
256 569 397 653 quodam
429 568 524 633 modo
557 590 631 632 cum
668 569 736 633 sole
769 574 802 633 et
834 570 925 654 luna,
964 591 1046 655 quae
1074 573 1124 634 est

80 659 300 742 ssexpcrtita,
334 656 418 742 quod
451 656 557 722 omnis
590 657 657 721 fere
689 657 814 722 fructus
847 658 959 742 quinto
987 658 1124 743 denique

107 747 214 832 gradu
236 745 446 832 pervenitad
470 744 648 829 perfectum
672 768 710 810 ac
732 747 820 810 videt
849 747 883 810 in
902 747 982 811 villa
1001 747 1124 812 dolium

107 857 147 900 ac
169 835 324 919 modium,
347 834 431 899 unde
455 839 545 898 sexto
569 834 677 917 prodit
700 834 740 898 ad
764 858 868 899 usum.
903 835 1009 920 primo
1033 858 1124 920 prae-

95 953 98 958 ·
106 923 298 1008 parandum,
308 923 447 987 secundo
458 923 636 1005 serendum,
648 924 744 988 tertio
755 924 991 1007 nutricandum,
1006 927 1122 1009 quarto

107 1012 290 1097 legendum,
314 1013 429 1097 quinto
453 1011 666 1096 condendum,
697 1017 788 1077 sexto
812 1012 1035 1096 promendum,
1082 1012 1123 1077 ad

67 1123 93 1162 ιο
107 1102 173 1166 alia
192 1101 226 1166 in
249 1101 473 1184 praeparando
487 1100 626 1164 faciendi
641 1101 771 1165 scrobes
787 1106 844 1166 aut
857 1102 1123 1187 repastinandum

107 1194 166 1254 aut
190 1189 396 1273 sulcandum,
428 1192 464 1252 ut
487 1190 515 1253 si
538 1189 707 1253 arbustum
732 1194 788 1254 aut
811 1192 994 1274 pomarium
1016 1191 1123 1255 facere

107 1278 201 1362 velis3
238 1279 367 1343 adalia
391 1278 548 1342 arandum
572 1282 628 1341 aut
651 1278 849 1363 fodiendum,
878 1285 916 1343 ut
943 1280 971 1344 si
995 1283 1122 1365 segetes

106 1368 276 1451 instituas;
300 1367 340 1430 ad
364 1367 520 1451 quaedam
544 1367 665 1450 bipalio
689 1368 844 1431 vertenda
866 1372 954 1431 terra
971 1369 1046 1450 plus
1065 1372 1151 1432 autb

107 1456 227 1520 minus.
277 1456 359 1520 aliae
387 1456 474 1519 enim
502 1455 627 1518 radices
656 1455 825 1539 angustius
854 1455 1052 1538 diffundunt,
1086 1459 1124 1520 ut
1204 1508 1205 1511 ι

67 1565 93 1606 15
108 1544 262 1629 cupressi,
286 1544 368 1609 aliae
391 1543 503 1624 latius,
530 1547 567 1607 ut
594 1544 734 1626 platani,
762 1564 863 1626 usque
887 1565 925 1608 co
955 1547 992 1608 ut
1019 1544 1123 1608 Theo·

106 1632 263 1716 phrastus
288 1633 409 1697 scribat
432 1631 570 1696 Athenis
598 1633 633 1695 in
656 1631 777 1715 Lyceo,
808 1654 881 1696 cum
908 1632 1007 1696 etiam
1035 1654 1123 1697 nunc

107 1721 261 1806 platanus
285 1722 415 1786 novella
438 1725 533 1804 esset,
555 1721 680 1785 radices
704 1721 804 1785 trium
827 1726 860 1785 et
880 1721 1016 1806 triginta
1034 1722 1122 1786 cubi-

106 1815 218 1874 torum
241 1809 355 1894 egisse.
384 1809 541 1894 quaedam
565 1810 592 1873 si
612 1810 718 1874 bubus
738 1813 771 1873 ct
791 1813 899 1874 aratro
918 1811 1121 1894 proscideris,

108 1903 141 1963 et
153 1898 346 1982 iterandum,
366 1902 540 1981 antequam
556 1920 664 1962 semen
684 1899 794 1964 iacias.
822 1900 901 1963 item
915 1899 1122 1983 praeparatio

68 2008 94 2048 ao
109 1987 220 2071 siquae
243 1987 282 2051 fit
303 1987 338 2051 in
360 1987 474 2070 pratis,
498 1986 531 2050 id
555 1990 664 2051 estut
687 1986 901 2051 defendantur
924 2010 943 2051 a
963 1987 1122 2071 pastione,

108 2077 195 2161 quod
218 2075 285 2140 fere
309 2076 482 2140 observant
506 2097 524 2138 a
547 2076 619 2157 piro
643 2075 791 2159 florente,
827 2077 854 2139 si
883 2075 1012 2161 inrigua
1035 2079 1121 2159 sunt,

107 2167 146 2229 ut
167 2165 360 2249 tempestive
384 2165 572 2247 inrigentur.

198 2252 288 2328 Quae
302 2253 374 2317 loca
387 2253 422 2317 in
436 2273 515 2337 agro
531 2251 748 2335 stercoranda,
767 2251 948 2333 videndum,
963 2257 996 2316 et
1011 2254 1219 2337 quiXXXVIII

107 2345 141 2406 et
165 2363 229 2424 quo
249 2362 365 2426 genere
384 2341 591 2424 potissimum
610 2340 723 2404 facias:
746 2362 824 2403 nam
843 2341 1030 2405 discrimina
1052 2342 1121 2404 eius

66 2451 92 2492 cs
107 2430 305 2513 aliquota
291 2435 414 2495 stercus
443 2430 604 2514 optimum
633 2429 746 2493 scribit
774 2450 845 2492 esse
869 2427 1000 2493 Cassius
1030 2429 1121 2492 volu-

106 2520 210 2584 crium
232 2523 361 2602 praeter
383 2519 577 2603 palustrium
601 2539 637 2581 ac
658 2518 815 2581 nantium.
858 2516 1005 2582 dehisce
1021 2539 1122 2612 prae-

106 2611 196 2672 stare
211 2607 439 2687 columbinum,
466 2607 552 2692 quod
566 2607 610 2670 sit
625 2606 858 2674 calidissimum
873 2629 910 2670 ac
925 2594 1121 2671 fermentare

104 2696 212 2780 possit
233 2700 362 2760 terram.
397 2697 431 2760 id
453 2700 490 2760 ut
513 2717 622 2759 semen
647 2696 777 2780 aspargi
800 2699 950 2779 oportere
972 2695 1007 2758 in
1032 2717 1121 2781 agr0,

105 2806 175 2849 non
196 2788 233 2848 ut
258 2785 296 2848 de
318 2806 434 2868 pecore
457 2785 631 2849 acervatim
654 2785 741 2868 poni.
778 2805 839 2868 ego
864 2784 950 2849 arbit
936 2789 1005 2849 tror
1027 2791 1150 2869 prae-2

197 2974 261 3030 nin
280 2993 330 3032 cm.
403 2983 512 3044 dquae
532 2975 588 3046 est]
607 2976 676 3044 quin
749 2977 906 3044 tprimum
977 2977 1046 3030 tat
1064 2976 1122 3029 alia

104 3051 220 3116 utroque
239 3048 296 3102 loco
377 3054 410 3102 13
429 3050 460 3102 at
479 3048 617 3116 quaedam
701 3052 733 3101 16
753 3047 870 3101 athenas
945 3053 977 3101 18
996 3047 1159 3130 proscin-

105 3118 180 3172 deris
192 3117 378 3202 ·(pros‘cideris
402 3117 441 3186 V)
552 3123 584 3172 19
608 3118 695 3171 iactas
804 3123 838 3172 20
862 3117 951 3187 pratis
971 3117 1102 3186 (partis
1089 3134 1121 3170 cu

104 3189 230 3314 popupliuc
249 3191 397 3314 ιέᾱεσιόξὲὀι
414 3190 583 3330 Potitppuc,
606 3187 694 3312 pitatio
713 3189 779 3327 libbi
802 3205 887 3244 mauu
905 3189 1003 3257 scripti
1020 3192 1121 3256 omues)

161 3275 254 3328 arqno
400 3279 457 3315 nun
475 3279 494 3314 u
536 3277 593 3314 non
611 3278 630 3312 ιι
661 3276 747 3328 upopr

196 3445 213 3492 4
231 3455 304 3506 quac
323 3437 352 3491 in
371 3454 419 3493 sex
438 3435 545 3507 partita
564 3439 608 3491 est
627 3437 773 3491 Iucundos
832 3442 846 3490 7
865 3435 955 3505 primo
974 3435 1120 3491 Iucundos

110 3514 142 3562 16
162 3508 279 3565 Athenis
297 3527 314 3564 o
1055 3542 1058 3549 ⁴

924 3595 960 3646 4*
