2452 3938
95 270 99 277 ι
201 151 205 155 ’
269 185 888 243 1111111111111111111.111-11
1045 189 1087 253 69

71 331 142 398 vari
163 335 312 416 possunt,
334 334 372 396 ut
393 335 463 396 tum
486 331 619 412 vendas,
648 353 721 398 cum
745 332 863 396 caritas
887 335 945 397 est.
992 355 1087 417 saepe

72 421 157 485 enim
182 419 304 485 diutius
328 423 458 485 servata
481 443 548 486 uon
571 420 667 486 modo
691 441 822 485 usuram
847 419 1005 507 adiciunt,
1032 423 1088 486 sed

72 509 172 575 etiam
195 508 339 574 fructum
363 509 538 594 duplicant,
562 511 589 573 si
611 513 758 593 tempore
781 530 921 592 promas.

161 595 244 663 Cum
267 598 348 663 haec
371 598 499 683 diceret,
522 599 612 663 venit
634 598 771 662 libertus
791 597 946 662 aeditumi
966 597 1005 662 ad
1025 607 1117 664 nos2

71 686 152 752 flens
176 689 210 751 et
232 690 328 772 rogat
350 689 387 750 ut
409 688 628 773 ignoscamus,
656 686 742 770 quod
773 686 874 751 simus
898 687 1031 770 retenti,
1055 691 1088 752 11

71 779 108 840 ut
133 774 163 840 ei
187 776 222 839 in
244 775 342 840 funus
365 776 522 861 postridie
545 775 749 859 prodeamus.
785 797 899 840 omnes
922 777 1088 862 consurgi-

70 886 143 928 mus
178 885 216 928 ac
249 864 346 928 simul
379 865 609 943 exclamamus,
643 863 753 949 ‘quid‘d
785 864 819 928 in
848 864 968 929 funus?
1003 865 1088 949 quod

70 951 193 1018 funus?
227 953 303 1038 quid
327 957 377 1018 est
398 953 556 1019 factum?
589 953 644 1017 ille
667 951 748 1018 flens
776 957 889 1018 narrat
912 955 954 1018 ab
976 953 1087 1019 nescio

72 1065 137 1127 quo
172 1063 362 1127 percussum
397 1042 530 1107 cultello
563 1042 756 1127 concidisse,
791 1064 886 1125 quem
916 1044 973 1126 qui
1003 1044 1089 1106 esset

72 1129 331 1198 animadvertere
350 1132 385 1195 in
402 1132 498 1196 turba
514 1152 582 1196 non
600 1132 753 1215 potuisse,
773 1130 827 1194 sed
841 1134 971 1196 tantum
990 1131 1086 1196 modo

72 1219 242 1284 exaudisse
267 1241 387 1304 vocem,
409 1242 579 1306 perperam
601 1220 725 1284 fecisse.
769 1220 854 1304 ipse,
878 1242 951 1285 cum
977 1223 1117 1303 patro-3

71 1330 150 1373 num
176 1309 309 1373 domum
332 1310 519 1374 sustulisset
538 1313 570 1373 et
588 1330 705 1392 pueros
724 1307 910 1392 dimisisset,
933 1313 971 1373 ut
988 1309 1087 1373 medi·

73 1419 148 1462 cum
177 1399 381 1481 requirerent
408 1421 446 1463 ac
475 1401 601 1463 mature
629 1396 838 1479 adducerent,
866 1396 951 1481 quod
979 1396 1088 1481 potius

72 1486 150 1551 illut
169 1487 439 1571 administrasset,
458 1509 556 1571 quam
575 1485 617 1550 ad
636 1507 696 1550 nos
715 1485 868 1568 venisset,
887 1505 999 1549 aecum
1019 1506 1088 1549 esse

58 1576 138 1640 ‚sibi
161 1575 295 1661 ignosci.
341 1597 400 1640 nee
419 1576 447 1640 si
471 1597 544 1640 eum
568 1596 697 1640 servare
720 1595 784 1638 non
807 1573 983 1658 potuisset,
1012 1573 1090 1658 quin

73 1687 141 1729 uon
165 1665 269 1729 multo
293 1668 369 1748 post
392 1666 531 1730 animam
557 1664 691 1743 efflaret,
714 1667 825 1728 tamen
847 1666 963 1747 putare
987 1683 1021 1727 se
1043 1661 1087 1726 fe-

73 1752 157 1818 cisse
180 1757 266 1818 recte
287 1752 351 1835 [L].
388 1776 454 1819 non
478 1755 614 1819 moleste
637 1754 778 1818 ferentes
803 1752 1025 1818 descendimus
1049 1751 1087 1814 de

75 1843 154 1906 aede
178 1845 211 1906 et
234 1843 272 1906 (11
295 1865 374 1908 casu
400 1844 542 1908 humano
570 1843 676 1926 magis
701 1846 886 1927 querenteS,
914 1864 1012 1925 quam
1035 1839 1088 1905 ad-

74 1932 233 1996 mirantes
255 1932 290 1995 id
312 1931 437 1998 Romae
459 1934 592 2018 factum,
616 1932 809 1996 discedimus
834 1951 955 1996 omnes.

167 2130 198 2178 11
218 2123 287 2178 feeit
305 2140 333 2179 11
351 2123 411 2247 ipse
467 2131 500 2179 16
519 2125 634 2192 putaret
690 2129 721 2176 19
741 2119 875 2177 Varronis
893 2137 986 2176 rerum
1004 2119 1089 2174 rusti·

75 2211 171 2249 carum
191 2195 226 2250 de
244 2195 306 2265 agri
324 2211 359 2248 cu
370 2195 436 2250 tura
452 2194 526 2250 liber
539 2193 551 2246 I
566 2193 689 2263 explicit.
714 2234 716 2240 ,
731 2193 821 2248 Marci
839 2190 944 2247 terenti
961 2191 1089 2247 uarronir

74 2282 168 2320 rerum
187 2266 358 2321 rusticarum
376 2267 411 2322 de
428 2282 460 2320 re
478 2265 610 2334 pecuaria
627 2263 729 2334 incipit
742 2264 761 2319 l.
776 2263 803 2317 II

169 2431 201 2479 11
220 2441 368 2497 perperam
386 2425 487 2482 fecisse
506 2442 522 2480 o
597 2430 630 2479 16
648 2424 748 2494 putare
766 2423 912 2478 Iacrmdus
