2452 3938
103 165 166 230 108
517 162 705 219 VARRONIS

102 310 140 374 de
164 310 359 394 pastoribus.
404 309 518 373 Brevis
542 271 647 373 oiatio
671 307 710 371 de
733 306 816 386 istis,
838 306 945 390 inquit
967 306 1114 371 Murrius.

102 420 179 462 nam
203 398 282 462 muli
306 401 339 462 et
361 398 441 462 item
463 398 554 462 hinni
577 397 721 480 bigeneri
746 397 843 479 atque
865 395 1018 479 insiticii,
1050 417 1115 459 non

103 491 217 570 suopte
245 507 362 571 genere
391 487 432 550 ab
460 486 630 551 radicibus,
677 506 716 548 ex
744 506 826 571 equa
854 482 939 548 enim
970 486 1002 548 et
1026 484 1116 548 asino

73 576 141 641 ufic
164 575 287 657 mulus,
315 577 428 640 contra
457 597 495 639 ex
523 595 606 657 equo
637 576 671 637 et
694 573 785 637 asina
808 572 936 637 hinnus.
981 575 1117 656 uterque

104 686 214 728 eorum
235 664 274 727 ad
294 685 389 727 usum
408 663 509 745 utilis,
526 667 623 746 partu
641 661 827 726 fructuosus
846 663 970 724 neuter.
993 661 1117 744 pullum
1141 681 1151 720 s

105 751 265 817 asininum
285 775 304 816 a
323 756 420 834 partu
442 755 604 815 recentem
620 751 786 815 subiciunt
799 771 910 834 equae,
928 749 1019 813 cuius
1033 749 1118 813 lacte

104 841 278 924 ampliores
302 841 393 922 fiunt,
417 840 502 923 quod
526 840 558 904 id
582 840 666 904 lacte
690 860 787 921 quum
811 838 975 901 asininum
999 837 1040 901 ad
1064 837 1119 902 ali-

104 931 214 993 monia
247 930 359 992 dicunt
390 950 461 992 esse
494 928 618 992 melius.
672 931 840 1011 praeterea
872 925 1008 990 educent
1048 947 1119 990 eum

104 1017 216 1101 paleis,
240 1017 344 1099 faeno,
367 1016 497 1081 hordeo.
543 1017 642 1079 matri
665 1015 898 1098 supposititiae
921 1015 1118 1098 quoquein-

105 1107 260 1187 serviunt,
279 1126 342 1187 quo
362 1125 444 1187 equa
464 1103 532 1185 [ad]
553 1105 770 1169 ministerium
789 1104 883 1167 lactis
902 1103 1013 1167 cibum
1032 1103 1118 1186 pullo
1131 1122 1151 1162 n

104 1193 259 1276 praebere
282 1193 395 1275 possit.
440 1193 493 1257 hic
516 1193 564 1257 ita
587 1193 740 1257 educatus
765 1215 784 1256 a
807 1192 904 1256 trimo
928 1193 1040 1276 potest
1067 1191 1119 1256 ad·

105 1281 206 1344 mitti:
242 1303 346 1365 neque
371 1281 458 1345 enim
481 1276 674 1363 aspernatur
696 1283 831 1365 propter
854 1279 1120 1345 consuetudinem

74 1369 266 1453 Sequinam.
311 1369 398 1434 hunc
428 1371 586 1434 minorem
615 1371 643 1433 si
667 1369 843 1452 admiseris,
875 1369 1001 1453 etipse
1025 1369 1119 1432 citius

106 1458 255 1539 senescit,
283 1462 316 1523 et
345 1480 427 1542 quae
458 1481 496 1522 ex
524 1480 561 1522 eo
591 1459 816 1540 concipiuntur
846 1457 927 1520 fiunt
950 1456 1119 1520 deteriora

106 1549 162 1630 qui
180 1569 247 1610 non
265 1547 387 1610 habent
402 1569 474 1611 eum
490 1547 626 1624 asinum,
645 1568 741 1630 quem
756 1551 996 1628 supposuerunt
1011 1567 1119 1629 equae,
1131 1565 1150 1606 u

106 1643 138 1700 et
162 1637 288 1700 asinum
312 1635 538 1699 admissarium
558 1635 678 1698 habere
697 1635 823 1716 volunt,
847 1634 885 1696 de
906 1631 1007 1698 asinis
1027 1656 1120 1718 quem

106 1724 344 1805 amplissimum
367 1722 702 1807 formosissimumque
725 1725 864 1807 possunt
887 1722 1030 1806 eligunt,
1054 1723 1120 1806 qui·

106 1832 167 1894 que
191 1810 327 1874 seminio
351 1815 447 1876 natus
472 1812 516 1874 sit
539 1812 637 1894 bone,
665 1810 838 1888 ArcadicO,
866 1815 903 1875 ut
926 1811 1056 1895 antiqui
1079 1811 1120 1874 di·

107 1900 232 1983 cebant,
255 1901 292 1962 ut
315 1921 375 1964 nos
399 1902 522 1983 experti
542 1922 661 1981 sumus,
685 1900 834 1982 Reatino,
857 1901 913 1963 ubi
933 1899 1067 1964 tricenis
1086 1920 1120 1964 ac

106 1988 322 2072 quadragenis
341 1988 472 2052 milibus
492 1988 675 2053 admissarii
694 1989 819 2071 aliquot
836 1989 1014 2052 venierunt.
1042 1991 1151 2072 quesn

107 2077 243 2140 emimus
270 2076 349 2140 item
378 2081 415 2140 ut
443 2098 542 2160 equos
571 2078 829 2161 stipulamurque
856 2077 890 2140 in
917 2076 1055 2141 emendo
1087 2097 1121 2141 ac

106 2164 243 2228 facimus
265 2165 300 2227 in
324 2165 511 2247 accipiendo
531 2165 625 2248 idem,
650 2164 735 2250 quod
758 2165 880 2228 dictum
899 2165 1001 2228 estin
1023 2167 1120 2248 equis

75 2253 167 2317 4hos
199 2253 361 2336 pascimus
393 2254 564 2336 praecipue
596 2252 692 2318 faeno
725 2257 822 2336 atque
854 2253 993 2334 herdae,
1027 2258 1061 2318 et
1091 2252 1121 2317 id

19 2415 30 2423 ‚
108 2344 183 2405 ante
212 2341 425 2406 admissuram
455 2345 487 2405 et
515 2342 638 2425 largius
666 2342 817 2424 facimus,
845 2346 883 2406 ut
906 2342 978 2406 cibo
1004 2342 1122 2406 suffim-

108 2429 221 2494 damus
249 2430 333 2495 vires
362 2430 402 2494 ad
430 2428 584 2512 feturam,
615 2431 727 2494 eodem
754 2433 900 2513 tempore
929 2452 993 2513 quo
1023 2449 1153 2514 equosn

107 2519 315 2601 adducentes,
343 2519 485 2602 itemque
513 2523 551 2582 ut
577 2518 666 2582 ineat
696 2540 795 2602 equas
818 2540 876 2601 per
898 2519 1008 2602 erigas
1032 2541 1121 2584 cura·

106 2627 188 2669 mus.
233 2627 306 2669 cum
338 2609 466 2690 peperit
498 2626 580 2691 equa
612 2608 735 2671 mulum
768 2612 825 2671 aut
851 2607 991 2690 mulam,
1024 2608 1122 2672 nutri·

197 2819 213 2866 2
232 2813 314 2868 multi
335 2817 363 2868 et
381 2815 450 2868 item
468 2815 596 2883 bigencri
645 2821 661 2869 3
677 2814 789 2886 suopte]
809 2832 858 2869 sue
874 2832 926 2884 ope
972 2823 990 2870 4
1008 2815 1122 2871 hinnius

108 2891 124 2939 5
143 2884 315 2956 fructuosus]
333 2883 439 2939 fructus
503 2893 517 2940 1
538 2888 568 2940 at
586 2885 642 2941 alia
661 2885 756 2940 omnia
809 2892 829 2939 9.
845 2887 949 2941 hordeo
968 2886 1068 2955 (ordeo
1085 2887 1122 2955 V)

76 2970 78 2974 ·
109 2962 140 3009 11
162 2956 277 3009 eductus
297 2955 422 3024 aprime
484 2963 517 3011 16
537 2956 690 3011 asinarium
709 2954 905 3011 admissarium
953 2965 987 3012 19
1006 2957 1122 3013 tricenis

107 3027 143 3080 ud
163 3025 374 3095 quadringentis
442 3032 477 3082 20
496 3028 611 3096 aliquod
680 3034 714 3082 26
733 3026 864 3096 idemque
927 3033 961 3082 21
980 3045 1086 3099 peperc
1102 3028 1124 3082 't

195 3227 212 3275 2
231 3219 302 3274 muli
320 3223 350 3275 et
367 3220 448 3275 hinni
466 3221 592 3290 bigeneri
611 3222 758 3278 Iracundus
830 3228 846 3276 3
866 3223 966 3291 suopte
984 3239 1090 3291 genere
1107 3240 1123 3277 n

106 3299 124 3346 4
141 3291 244 3345 hinnus
262 3292 409 3346 Iucundos
456 3299 470 3346 1
490 3291 624 3347 alimonia
642 3293 839 3348 Lachmannus
857 3295 889 3347 in
906 3293 1018 3348 naun.
1027 3312 1059 3364 p.
1068 3297 1123 3350 352

108 3369 141 3418 10
169 3379 242 3432 equa
273 3361 459 3416 ministerium
489 3362 572 3416 lactis
599 3363 677 3432 pullo
705 3365 837 3432 praebere
865 3363 958 3432 possit
985 3365 1123 3420 (deuterus

107 3439 140 3486 11
160 3451 178 3488 a
195 3434 279 3487 trimo
305 3433 423 3487 Ursinus
478 3440 510 3487 16
530 3434 640 3487 asinum
659 3434 854 3489 admissarium
873 3451 900 3488 nr
955 3441 988 3489 19
1007 3435 1122 3490 tricenis

106 3521 139 3558 ac
157 3504 343 3573 quadragenis
363 3520 389 3557 m
460 3510 494 3558 27
513 3505 624 3572 peperit
641 3521 658 3559 n
