2452 3938
145 191 189 255 24
359 205 362 210 ·
561 184 747 242 vacuous

145 335 248 401 valde.
294 333 435 418 primum
463 353 565 418 genus
595 330 681 418 quod
704 329 770 398 dixi
793 332 933 397 maxime
957 329 1085 415 quaerit
1109 351 1162 394 sa-

145 426 232 505 licta,
256 423 430 501 secundum
452 422 676 506 harundineta,
701 422 837 487 tertium⁴
857 421 986 485 iunceta
1009 422 1065 484 aut
1089 420 1163 484 eius

147 512 275 599 generis
298 533 367 575 rem
391 511 547 594 aliquam,
576 514 729 594 quartum
753 511 899 594 arbusta,
929 509 986 574 ubi
1009 507 1161 573 traduces

146 600 275 685 possint
301 599 372 663 fieri
398 599 528 679 vitium,
556 604 593 663 ut
616 599 875 664 Mediolanenses
903 598 1027 663 faciunt
1049 597 1085 661 in
1109 620 1161 662 ar·

146 690 295 772 boribus,
328 710 407 773 quas
439 691 558 752 vocant
590 689 716 771 opulos,
749 685 965 752 Canusini.in
993 688 1014 766 t
1042 686 1161 750 hardu·
1188 711 1201 767 s

117 779 270 848 rlatione
297 773 331 840 in
362 777 440 841 ficis.
485 776 714 860 pedamentum
737 776 816 840 item
838 776 905 840 fere
929 779 1085 860 quattuor
1108 796 1163 860 ge-

148 888 275 932 nerum:
305 887 406 930 unum
428 866 614 944 robustum,
638 865 724 948 quod
748 865 907 948 optimum
931 865 1014 929 solet
1041 864 1163 928 adferri

148 956 183 1020 in
212 956 342 1020 vineam
375 975 392 1018 e
425 975 543 1037 querco
575 975 613 1018 ac
644 954 786 1037 iunipiro
818 957 851 1017 et
878 956 1013 1018 vocatur
1044 948 1163 1017 ridica:

149 1045 287 1110 alterum
310 1043 403 1125 palus
427 1064 444 1105 e
467 1043 599 1125 pertica,
622 1042 754 1106 meliore
773 1041 862 1125 dura,
885 1062 948 1124 quo
967 1042 1164 1124 diuturnior3

150 1154 246 1216 quem
270 1152 343 1195 cum
365 1130 513 1194 infimum
535 1134 624 1194 terra
647 1131 754 1214 solvit,
777 1133 872 1213 puter
895 1131 1050 1195 evertitur
1074 1134 1107 1194 et
1124 1129 1164 1194 fit
1177 1155 1202 1194 ro

150 1221 256 1284 solum
275 1240 453 1283 summum:
471 1219 613 1302 tertium,
632 1219 717 1303 quod
736 1219 852 1283 horum
872 1219 1001 1302 inopiae
1017 1217 1163 1283 subsidio

150 1309 240 1372 misit
275 1307 535 1371 harundinetum.
589 1307 663 1372 inde
702 1307 788 1371 enim
827 1308 950 1390 aliquot
982 1307 1165 1392 conligatus

151 1397 244 1461 libris
273 1395 449 1460 demittunt
476 1396 511 1461 in
537 1397 669 1461 tubulos
697 1396 812 1460 fictiles
844 1397 944 1475 [cum]
962 1395 1068 1459 tundo
1092 1415 1165 1478 per-

151 1489 254 1568 tusos,
278 1506 357 1569 quas
382 1485 530 1567 cuspides
554 1485 736 1568 appellant,
760 1505 823 1567 qua
845 1506 939 1548 umor
962 1482 1165 1548 adventicius

151 1575 290 1638 transire
322 1574 436 1657 possit.
491 1578 642 1657 quartum
674 1575 724 1636 est
755 1573 984 1656 pedamentum
1015 1572 1167 1636 nativum
1180 1595 1206 1637 15

153 1663 222 1727 eius
255 1662 397 1744 generis,
428 1660 485 1724 ubi
518 1683 556 1724 ox
584 1661 766 1736 arboribus·
782 1661 816 1725 in
845 1661 977 1725 arbores
1005 1660 1166 1725 traductis

152 1751 273 1815 vitibus
302 1750 397 1814 vinea
423 1749 475 1831 fit,
504 1770 584 1832 quos
612 1748 761 1813 traduces
789 1749 920 1832 quidam
947 1770 1081 1832 rumpos
1112 1771 1168 1833 ap·

123 1839 286 1922 5pellant.
331 1837 443 1901 vineae
471 1836 651 1921 altitudinis
678 1838 792 1902 modus
820 1838 990 1922 longitudo
1014 1837 1168 1923 hominis,

153 1926 326 1991 intervalla
348 1924 624 2010 pedamentorum,
648 1947 711 2009 qua
734 1927 832 1990 boves
856 1927 959 1990 iuncti
982 1947 1073 1991 arare
1092 1948 1169 2010 pos-

155 2016 229 2080 sint.
285 2036 323 2079 ea
355 2013 463 2077 minus
497 2016 689 2098 sumptuosa
720 2015 829 2094 vinea,
869 2035 950 2099 quae
983 2014 1052 2079 sine
1089 2015 1207 2100 iugero

156 2103 321 2166 ministrat
335 2101 550 2184 acratophoro
564 2103 685 2167 vinum.
712 2102 807 2166 huius
822 2124 943 2187 genera
960 2104 1036 2167 duo:
1055 2125 1168 2189 unum,

155 2192 190 2256 in
213 2212 276 2275 quo
304 2195 393 2254 terra
415 2190 535 2255 cubilia
557 2191 692 2274 praebet
713 2191 799 2273 uvis,
828 2195 866 2254 ut
894 2192 927 2255 in
952 2191 1032 2255 Asia
1055 2192 1169 2256 multis

155 2280 244 2362 locis,
268 2301 349 2364 quae
373 2301 468 2363 saepe
490 2280 643 2363 vulpibus
662 2283 696 2344 et
715 2280 900 2345 hominibus
919 2279 957 2344 fit
976 2281 1170 2346 communis.

155 2391 215 2434 nec
242 2389 307 2433 nou
335 2368 364 2432 si
392 2368 480 2452 parit
506 2368 623 2433 humus
651 2390 773 2452 mures,
801 2368 908 2432 minor
936 2368 974 2431 fit
995 2368 1170 2451 vindemia,

155 2457 220 2522 nisi
246 2461 333 2522 totas
360 2456 471 2521 vineas
495 2457 636 2540 oppleris
660 2457 862 2540 muscipulis,
890 2457 975 2540 quod
1003 2457 1038 2520 in
1061 2457 1208 2522 insulan

126 2545 350 2615 6Pandateria
369 2544 500 2609 faciunt.
529 2545 666 2608 alterum
686 2565 788 2628 genus
806 2545 916 2629 vineti,
939 2544 995 2608 ubi
1014 2567 1053 2609 ea
1071 2545 1170 2611 modo

156 2636 341 2698 removetur
356 2654 375 2696 a
393 2636 481 2696 terra
499 2632 584 2715 vitis,
604 2653 686 2715 quae
705 2633 848 2698 ostendit
866 2656 900 2698 se
920 2633 1044 2697 adferre
1063 2655 1171 2698 uvam.

157 2723 217 2787 sub
241 2743 330 2804 eam,
357 2719 414 2784 ubi
437 2721 581 2784 nascitur
603 2742 675 2803 uva,
703 2722 904 2786 subiciuntur
926 2722 1056 2786 circiter
1079 2720 1172 2805 bipe-

157 2810 245 2874 dales
274 2831 290 2873 e
319 2809 454 2873 surculis
481 2807 641 2892 furcillae,
668 2831 709 2873 ne
736 2810 899 2875 vindemia
922 2809 1008 2874 facta
1031 2810 1171 2894 denique

157 2898 260 2963 discat
283 2897 420 2981 pendere
443 2897 477 2960 in
499 2898 609 2980 palma
627 2901 684 2962 aut
702 2898 845 2963 funiculo
865 2902 922 2964 aut
941 2898 1059 2981 vinctu,
1084 2898 1171 2982 quod
1185 2924 1211 2964 vo

158 2987 285 3070 antiqui
307 2984 470 3049 vocabant
493 2990 625 3050 cestum.
661 2987 707 3050 ibi
732 2987 881 3051 dominus
906 2987 1002 3051 simul
1028 3009 1064 3052 ac
1088 2987 1173 3053 vidit

158 3075 346 3158 occipitium
369 3073 624 3159 vindemiatoris,
647 3074 792 3140 furcillae
816 3075 941 3140 reducit
961 3075 1171 3140 hibernatum

248 3289 281 3338 10
310 3282 408 3355 solvit]
436 3284 528 3341 uoluit
641 3289 674 3338 12
702 3284 817 3352 aliquod
932 3289 966 3336 14
994 3283 1076 3354 quas]
1101 3299 1174 3353 quos

159 3361 194 3410 26
213 3354 298 3409 uiniti
317 3355 416 3424 (uincti
434 3357 549 3428 opopa)-

250 3540 283 3588 10
298 3534 384 3590 solvit
399 3510 534 3589 &erueras
582 3538 614 3587 13
628 3531 729 3586 fictiles
743 3531 830 3588 fundo
839 3534 968 3602 pertusos
979 3531 1177 3602 Schoettpenus
