2452 3938
291 113 422 169 RERVM
440 113 679 171 RVSTICARVM
696 115 763 170 LIB.
782 114 821 170 Ill
839 123 856 172 2
1022 115 1085 180 127

70 281 122 325 me
147 260 282 324 absente
305 262 445 344 patrono
468 259 613 342 hospilio
637 260 825 344 accipiebat,
847 261 882 325 in
901 265 1002 326 anuos
1022 261 1087 326 sin·

71 351 165 435 gulos
193 348 266 433 plus
295 349 522 433 quinquagena
551 348 643 413 milia
671 350 790 414 evilla
812 371 927 433 capere
950 349 1087 415 dicebat.

70 439 156 503 Axio
175 437 359 521 admiranti,
383 435 479 502 Certe
496 437 594 519 nosti,
615 438 759 521 inquam,
781 442 976 502 materterae
997 459 1086 503 meae

71 527 217 611 fundum,
248 527 282 590 in
312 524 440 591 Sabinis
473 527 529 610 qui
561 529 611 590 est
642 526 683 591 ad
715 530 867 609 quartum
898 528 1086 592 vicesimum

42 616 211 700 alapidem
244 616 298 680 via
327 612 453 679 Salaria
485 637 505 678 a
531 614 644 680 Roma.
691 614 832 691 Quidni?
877 616 996 700 inquit,
1028 615 1138 685 ubirb

69 707 195 770 aestate
218 703 303 768 diem
326 704 459 768 meridie
483 702 625 769 dividere
654 704 790 789 soleam,
818 725 891 768 eum
922 726 959 769 eo
981 705 1085 770 Reate

69 815 109 858 ex
139 794 221 859 urbe
253 795 319 874 aul,
351 813 425 857 eum
457 792 531 856 inde
563 791 657 857 venio
689 793 935 876 hieme,'ncciu
965 815 1086 878 ponere

69 885 187 967 eastra,
232 881 339 964 Atque
366 882 402 945 in
428 880 490 945 hac
516 881 595 946 villa
623 881 679 965 qui
706 885 757 945 est
786 881 952 964 ornithon,
980 904 1019 947 ex
1046 904 1084 946 eo

68 992 134 1036 uno
173 970 314 1056 quinque
352 970 444 1033 milia
481 969 548 1035 scio
582 970 708 1034 venisse
739 969 911 1035 turdorum
943 970 1084 1035 denariis

31 1080 55 1120 ro
67 1059 181 1145 bernis,
204 1063 242 1123 ui
266 1059 437 1143 sexaginla
459 1057 550 1122 milia
573 1079 612 1122 ea
634 1080 711 1143 pars
734 1058 911 1124 reddiderit
932 1081 970 1124 ec
998 1081 1084 1124 anno
1196 1059 1198 1061 ’

66 1148 175 1230 villae,
196 1148 245 1212 bis
259 1151 388 1211 lantum
402 1168 499 1230 quam
513 1149 589 1211 tuus
608 1146 725 1211 fundus
745 1148 917 1214 ducentum
936 1149 1085 1234 iugerum

66 1234 169 1302 Reate
196 1236 312 1302 reddit.
358 1234 464 1312 Quid?
501 1236 686 1319 sexaginta,
713 1236 819 1320 inquii
846 1237 962 1322 Axius,
994 1258 1085 1302 sexa·

66 1327 167 1410 ginta,
187 1325 378 1410 sexaginla?
409 1324 542 1389 derides.
580 1321 765 1408 Sexaginta,
787 1325 929 1408 inquam.
967 1326 1023 1390 sed
1043 1325 1136 1391 ad16

66 1415 153 1480 hunc
176 1415 289 1480 bolum
310 1418 346 1479 ut
366 1414 550 1498 pervenias,
578 1434 659 1496 opus
687 1413 749 1476 erit
775 1414 837 1476 tibi
865 1416 921 1477 aui
937 1414 1084 1497 *epulum

29 1521 54 1564 ra
67 1507 126 1568 ani
147 1503 332 1587 triumphus
356 1502 502 1585 alicuius,
524 1507 562 1566 ui
583 1505 660 1566 tunc
682 1501 747 1565 fuit
770 1498 930 1585 Scipionis
950 1501 1081 1579 Metelli,

66 1595 125 1657 aul
152 1592 363 1677 collegiorum
392 1612 503 1674 cenae,
535 1612 617 1675 quae
643 1612 729 1655 nunc
757 1589 1008 1654 innumerabiles
1032 1611 1084 1654 ex·

66 1681 293 1746 candefaciunt
311 1701 473 1744 annonam
493 1679 629 1744 macelli.
669 1678 801 1762 reliquis
820 1680 912 1743 annis
933 1679 1083 1744 omnibus

66 1773 100 1834 ei
121 1770 207 1834 hane
230 1769 414 1850 expectabis
439 1789 609 1849 summam,
631 1773 660 1832 el
682 1789 792 1851 spero,
814 1790 881 1834 non
904 1769 966 1832 libi
990 1768 1083 1834 deeo-

66 1861 145 1943 quet
172 1859 265 1939 [non]
294 1856 463 1941 ornithon,
500 1877 604 1941 neque
633 1857 696 1921 hoc
719 1857 838 1921 accidit
860 1857 912 1921 his
936 1857 1083 1921 moribus
1145 1941 1148 1944 ῃ

28 1965 52 2008 ro
64 1947 131 2012 nisi
149 1968 224 2011 raro
242 1949 279 2009 ul
298 1945 478 2029 decipiaris.
503 1949 620 2028 quoius
640 1946 775 2029 quisque
793 1945 880 2009 enim
899 1949 950 2008 est
968 1965 1084 2026 annus,

65 2058 129 2121 quo
156 2057 225 2100 non
250 2035 360 2099 videas
389 2035 520 2117 epulum
548 2037 605 2097 aul
631 2033 834 2116 triumphum
865 2036 922 2097 cub
945 2033 1083 2117 collegia

65 2146 133 2191 non
160 2123 286 2207 epulari
314 2125 409 2207 [quae
436 2143 521 2187 nunc
549 2121 804 2186 innumerabiles
826 2121 1002 2186 incendunt
1025 2144 1084 2186 an-

65 2212 223 2294 nonamJ?
260 2210 323 2276 Sed
344 2213 478 2295 propter
496 2210 665 2292 luxuriam,
688 2209 803 2293 inquil,
826 2209 967 2294 quodam
985 2210 1082 2275 modo

66 2302 199 2385 epulum
225 2299 426 2366 cotidianum
454 2301 504 2363 eal
530 2299 618 2363 intra
644 2298 759 2363 ianuas
788 2298 919 2363 Romae.
964 2296 1081 2363 Nonne
1095 2305 1134 2363 17

27 2409 53 2450 25
67 2390 148 2455 ilem
171 2389 208 2455 L.
226 2388 404 2472 Abuccius,
434 2388 550 2472 homo,
581 2391 618 2452 ul
645 2387 751 2470 sollis,
783 2386 929 2471 adprime
961 2386 1085 2471 declus,

68 2479 159 2544 euius
180 2478 348 2545 Luciliano
372 2477 558 2542 charactere
582 2479 659 2540 sunt
679 2475 793 2559 libelli,
818 2475 948 2540 dicebat
969 2475 1002 2539 in
1026 2473 1085 2539 Al·

66 2569 153 2635 bano
177 2567 312 2633 fundum
336 2588 430 2631 suum
453 2564 660 2650 pastionibus
680 2585 812 2648 semper
834 2564 919 2629 vinci
940 2587 960 2628 a
978 2563 1083 2628 villa?

66 2678 183 2744 agrum
210 2657 298 2722 enim
326 2656 432 2719 minus
456 2654 566 2719 decem
590 2653 680 2718 milia
703 2648 845 2736 reddere,
874 2653 987 2718 villam
1010 2652 1083 2736 plus

64 2747 189 2813 vicena.
235 2746 320 2811 idem
345 2745 519 2809 seeundum
543 2764 641 2826 mare,
664 2764 728 2826 quo
751 2744 822 2808 loco
845 2743 953 2827 vellet,
977 2742 1005 2806 si
1028 2763 1085 2826 pa-

157 2973 191 3024 14
209 2969 306 3024 bolum
324 2970 471 3039 peruenias
523 2974 556 3023 16
574 2970 661 3040 nune]
680 2970 747 3023 tune
795 2975 827 3024 18
847 2985 985 3022 summam
1004 2983 1084 3038 spero

67 3040 233 3099 reaccedit
306 3046 340 3094 23
360 3040 458 3110 inquid

157 3259 190 3307 13
210 3253 260 3308 sed
278 3257 311 3308 ab
328 3254 365 3308 ad
382 3253 456 3308 bunc
475 3251 572 3306 bolum
591 3250 740 3321 peruenias
759 3250 906 3304 Iucundos
975 3255 1008 3304 18
1028 3265 1084 3304 non

65 3323 119 3378 tibi
138 3324 279 3393 deccquet
293 3323 425 3381 ornithon
441 3324 578 3380 decreras
616 3327 648 3377 19
664 3321 769 3376 accidit
788 3320 927 3376 Victorius
963 3327 999 3388 22
1012 3337 1084 3388 quae

65 3411 139 3451 nunc
169 3394 388 3452 innumerabiles
421 3395 576 3450 incendunt
608 3408 749 3449 annonam
775 3393 889 3448 delenda
917 3408 970 3448 esce
996 3392 1083 3462 siqui-

65 3467 161 3534 fieaue't
179 3466 360 3523 Schneiderus
