2452 3938
75 171 96 237 6
222 168 408 225 VARRONIS
427 168 557 224 RERVM
575 165 813 223 RvsTIcARVM
831 165 897 221 LIB.
917 165 931 218 I

74 317 130 400 De
146 315 307 381 fructibus
331 315 468 379 maturis
492 313 655 397 capiendis

75 405 125 470 De
147 404 316 469 faenisioio
340 406 373 467 εὴ
397 403 570 468 sicilitione
592 405 762 486 pratorum

74 493 124 558 De
147 514 253 558 messe
282 495 315 556 et
340 513 437 557 causa
459 491 555 555 huius
578 490 742 574 vocabuli,
772 509 869 572 quare
892 490 1009 554 messis
1034 511 1088 573 ap-

164 582 288 665 pellata
312 580 356 645 sit
380 601 518 664 quareve
541 579 655 662 paleae
679 578 859 662 appellatae
883 579 949 642 sint

75 669 196 735 Aream
220 670 347 754 qualem
371 690 442 733 esse
466 671 617 752 oporteat

74 758 114 824 In
138 780 249 823 semen
273 779 368 841 quem
393 757 432 822 ad
456 756 588 823 modum
612 756 718 839 spicas
742 754 864 819 secerni
888 759 1038 838 oporteat

75 847 210 913 Tritura
233 868 328 930 quem
352 845 394 910 ad
418 845 550 911 modum
573 846 644 909 fieri
668 847 818 928 oporteat

74 935 125 1000 De
149 935 271 1019 stipula

75 1023 126 1088 De
149 1023 313 1088 vindemia
336 1021 484 1087 facienda

75 1112 126 1177 De
149 1111 382 1197 olea-,legenda

75 1199 126 1264 De
148 1199 245 1264 faeno
269 1198 434 1265 condendo

77 1287 127 1353 De
150 1288 260 1353 tritico
284 1287 448 1352 condendo

75 1376 125 1441 De
147 1376 225 1441 faba
247 1380 281 1441 et
303 1375 522 1461 leguminibus
546 1374 719 1440 condendis

76 1465 126 1530 De
150 1465 222 1530 uvis
246 1464 421 1530 condendis

74 1553 125 1618 De
147 1553 253 1637 pomis
278 1553 453 1618 condendis

74 1642 125 1707 De
149 1642 221 1706 olea
244 1642 406 1706 condenda

76 1729 126 1794 De
150 1751 281 1794 amurca
305 1729 471 1794 condenda
677 1798 679 1802 ,

75 1816 125 1882 De
148 1817 334 1901 promendis
357 1817 506 1902 frugibus
529 1816 641 1881 tuendi
664 1838 763 1882 causa

77 1905 180 1982 Quem
205 1906 244 1970 ad
268 1905 399 1971 modum
422 1907 620 1970 frumentum
643 1906 855 1989 promendum
879 1905 923 1970 sit

76 1993 127 2059 De
152 2015 284 2059 amurca
305 1997 428 2060 tuenda
451 1998 484 2058 et
507 1994 684 2078 promenda

76 2082 126 2147 De
149 2083 224 2147 vino
248 2084 426 2165 promendo

76 2170 126 2235 De
150 2171 222 2236 olea
243 2173 421 2255 promenda

76 2259 127 2324 De
150 2281 232 2324 nuce
255 2263 288 2324 et
311 2262 455 2345 palmula
478 2263 511 2324 εὴ
534 2260 594 2326 fico
618 2259 795 2344 promenda

76 2347 127 2413 De
149 2349 221 2414 uvis
245 2353 277 2413 et
300 2350 396 2415 malis
419 2353 452 2415 εὴ
476 2349 582 2415 sorbis
605 2349 784 2432 pensilibus
807 2349 995 2432 promendis

76 2435 126 2503 De
148 2437 235 2512 farre
258 2439 435 2522 promendo
460 2441 517 2503 aut
541 2437 581 2502 ad
604 2439 747 2502 cibatum
774 2441 830 2502 aut
860 2438 900 2503 ad
929 2438 1088 2505 sationem

167 2531 223 2590 aut
247 2526 288 2591 ad
312 2527 517 2592 vendundum

166 2706 200 2754 24
219 2701 308 2756 seruis
