2452 3938
305 153 437 209 RERVM
454 149 697 241 RVSTICARVM¹
711 153 779 208 LIB.
794 152 807 206 l
822 160 926 210 16-17
1079 154 1123 220 35

109 299 260 382 maiores,
278 302 316 363 ut
333 298 513 362 vindemias
531 319 568 362 ac
582 295 759 383 faenisicia,
779 298 1018 384 administrant,
1036 298 1123 384 iique

109 409 189 471 quos
214 387 385 452 obaeratos
408 388 513 451 nostri
541 386 724 453 vocitarunt
751 389 784 451 et
812 387 910 451 etiam
938 410 1023 453 nuno
1046 393 1124 453 sunt

106 478 143 541 in
170 475 253 540 Asia
281 480 378 560 atque
395 474 556 560 Aegypto
585 479 618 539 et
645 476 680 540 in
702 475 832 560 Illyrico
855 475 1038 560 conplures.
1083 477 1123 541 de

108 564 226 648 quibus
258 564 417 630 universis
449 564 511 630 hoo
543 563 629 648 dico,
660 567 773 648 gravia
804 565 876 630 loca
907 565 1020 630 utilius
1053 586 1123 629 esse

81 654 341 718 amercennariis
378 653 485 718 colere
522 673 620 736 quam
658 653 774 737 servis,
808 657 841 718 et
871 654 906 718 in
938 653 1123 719 salubribus

107 763 237 831 quoque
264 741 344 807 locis
373 763 471 828 opera
498 742 620 806 rustica
650 741 788 826 maiora,
820 745 857 806 ut
885 745 962 806 sunt
989 743 1024 807 in
1051 763 1124 807 con-

107 831 222 896 dendis
249 830 408 896 fructibus
436 831 617 895 vindemiae
645 834 702 895 aut
728 831 852 895 messis.
898 831 937 895 de
960 830 1010 913 iis,
1033 831 1153 898 cuius3

107 920 198 985 modi
232 941 302 984 esse
335 923 501 1004 oporteat,-
527 918 658 985 Cassius
693 919 807 984 scribit
832 920 926 984 haec:
960 920 1124 1006 operarios

107 1008 273 1092 parandos
296 1029 376 1086 esse,
400 1009 454 1092 qui
476 1008 623 1073 laborem
646 1007 729 1072 ferre
752 1008 894 1092 possint,
917 1030 959 1073 ne
982 1008 1124 1073 minores

65 1121 93 1160 ιο
108 1119 271 1162 annorum
294 1115 372 1162 xxn
395 1102 428 1161 et
451 1098 491 1161 ad
515 1098 587 1180 agri
610 1097 770 1162 culturam
795 1096 923 1163 dociles.
961 1119 1033 1162 eam
1052 1119 1125 1162 con·

107 1186 269 1251 iacturam
296 1185 366 1250 fieri
394 1207 489 1270 posse
517 1206 556 1249 ex
585 1186 721 1250 aliarum
750 1208 859 1251 rerum
887 1185 1066 1270 imperatis,
1091 1189 1125 1250 et

107 1275 145 1338 in
168 1296 206 1339 eo
231 1295 342 1339 eorum
367 1297 384 1339 e
407 1274 542 1339 noviciis
561 1274 778 1358 requisitione,
801 1275 841 1340 ad
860 1275 1003 1358 priorem
1022 1275 1125 1339 domi·

108 1385 189 1426 num
218 1363 295 1446 quid
322 1364 511 1428 factitarint.
556 1362 717 1445 mancipia
744 1383 815 1426 esse
843 1366 993 1446 oportere
1020 1385 1125 1447 neque

108 1451 323 1516 formidulosa
341 1472 444 1535 neque
463 1452 617 1516 animosa.
647 1450 702 1534 qui
720 1451 866 1533 praesint
880 1472 951 1515 esse
966 1455 1155 1535 oportere,4

67 1562 95 1602 15
110 1540 169 1623 qui
192 1539 309 1604 litteris
331 1545 421 1623 aque
444 1541 553 1624 aliqua
577 1539 642 1603 sint
663 1538 867 1603 humanitate
890 1539 1006 1618 inbuti,
1028 1539 1125 1623 frugi,

110 1631 221 1693 aetate
254 1629 374 1693 maiore
408 1651 505 1714 quam
539 1629 717 1713 operarios,
752 1650 833 1712 quos
866 1628 942 1693 dixi.
995 1627 1124 1692 facilius

111 1717 199 1781 enim
227 1717 267 1781 iis
295 1738 391 1801 quam
412 1718 467 1799 qui
488 1717 614 1782 minore
636 1720 716 1782 natu
740 1721 817 1781 sunt
840 1716 925 1782 dicto
950 1716 1124 1781 audientes.

61 1850 64 1854 ›
109 1808 281 1889 praeterea
303 1807 510 1889 potissimum
534 1828 589 1870 eos
607 1827 758 1891 praeesse
777 1810 935 1892 oportere,
956 1806 1012 1889 qui
1029 1805 1125 1890 periti

111 1893 181 1958 sint
208 1915 318 1958 rerum
345 1896 548 1961 rusticarum.
594 1917 661 1960 non
687 1896 793 1960 solum
816 1895 902 1959 enim
925 1894 1041 1959 debere
1064 1894 1126 1957 im-

68 2005 96 2046 ao
110 2002 237 2067 parare,
263 1983 319 2048 sed
342 1984 441 2048 etiam
464 1983 583 2066 facere,
610 1987 647 2048 ut
668 1983 842 2048 facientem
864 1983 1011 2047 imitetur
1033 1985 1066 2046 et
1088 1985 1125 2045 ut

111 2070 354 2136 animadvertat
390 2094 463 2137 eum
500 2093 573 2137 cum
610 2093 709 2137 causa
741 2071 804 2136 sibi
840 2093 1002 2156 praeesse,
1040 2070 1126 2155 quod

112 2159 250 2224 scientia
281 2164 434 2244 praestet.
487 2182 592 2244 neque
623 2161 690 2224 illis
723 2160 960 2244 concedendum
991 2161 1039 2224 ita
1067 2160 1155 2227 im-5

111 2269 238 2332 perare,
261 2252 298 2312 ut
319 2249 506 2314 verberibus
530 2252 699 2314 coerceant
717 2249 826 2332 potius
846 2270 943 2332 quam
961 2249 1080 2332 verbis,
1099 2247 1127 2311 si

111 2336 210 2400 modo
238 2337 324 2400 idem
353 2338 479 2402 efficere
510 2338 626 2421 possis.
676 2358 780 2420 neque
809 2336 951 2400 eiusdem
983 2336 1128 2400 nationis

69 2445 97 2487 25
111 2425 222 2508 plures'
250 2427 413 2508 parandos
433 2449 515 2492 esse:
558 2448 597 2490 ex
621 2447 657 2490 eo
681 2426 767 2489 enim
792 2424 999 2510 potissimum
1023 2424 1127 2487 solere

116 2512 313 2578 offensiones
337 2515 530 2580 domesticas
554 2516 633 2579 fieri.
678 2514 859 2597 praefectos
884 2513 1056 2577 alacriores
1080 2511 1095 2575 f
1115 2547 1127 2558 ·

115 2601 265 2666 ciendum
297 2605 450 2686 praemiis
484 2605 539 2686 [ad
571 2602 730 2683 facienda]
764 2603 931 2686 dandaque
964 2623 1064 2685 opera
1090 2602 1129 2665 ut

113 2689 261 2755 habeant
293 2693 455 2773 peculium
483 2696 516 2756 et
543 2693 732 2759 coniunctas
761 2713 946 2775 conservas,
970 2690 1128 2774 equibus

114 2777 260 2843 habeant
286 2779 381 2846 filios.
427 2803 465 2846 eo
489 2781 574 2846 enim
602 2781 685 2844 fiunt
710 2781 869 2847 firmiores
892 2801 930 2845 ac
953 2778 1129 2844 coniuncti-

112 2902 328 2912 -u———-

206 2971 400 3026 acbaerarios
491 2975 519 3027 et
537 2971 623 3027 etiam
642 2974 684 3040 (ut
703 2971 789 3027 etiam
813 2971 851 3039 V)
958 2972 1046 3026 thoe
1065 2969 1128 3024 dico

115 3039 175 3110 (hic
194 3039 257 3096 dico
280 3041 319 3112 V)
434 3046 450 3095 5
469 3041 650 3097 mercenariis
674 3043 881 3111 (mercennariis
903 3043 1040 3097 nonnulla
1062 3057 1128 3109 apc-

112 3113 239 3181 9rapba)
348 3118 381 3167 12
405 3112 605 3184 requisitione]
632 3113 800 3183 reliquisitio
910 3119 943 3166 13
965 3111 1129 3167 factitarent

117 3185 151 3236 15
170 3185 326 3307 atquqom.
400 3190 433 3238 -17
452 3183 473 3238 ii
492 3201 576 3253 quam
595 3184 702 3240 minore
777 3188 810 3237 18
829 3186 941 3253 oportet
1011 3188 1044 3237 21
1065 3199 1128 3236 cum

115 3269 215 3308 causas
233 3271 275 3307 11

206 3435 222 3484 2
242 3430 390 3499 obaeratos
408 3447 425 3485 o
533 3437 565 3485 11
585 3429 731 3502 imperatis
755 3431 784 3485 et
805 3428 987 3498 requisitione
1012 3429 1128 3486 Ursinus

116 3505 151 3555 27
170 3501 206 3554 ad
224 3501 354 3556 facienda
373 3503 468 3558 delerit
486 3503 633 3565 Iucundos

931 3591 969 3642 3*
