2452 3938
345 164 474 220 RRRVM
492 163 728 220 RVSTICARVM
747 165 815 221 LIB.
833 165 861 222 H
879 172 894 220 7
1058 168 1122 234 105

108 310 211 375 Italia
234 310 273 375 ub
295 310 416 392 Apulia
438 309 547 395 Apuli,
571 311 611 374 ab
635 308 742 376 Rosea
764 310 916 376 Roseani.
952 313 1025 396 equi
1046 313 1123 378 boni

109 398 214 463 futuri
237 399 340 484 signa,
364 399 391 463 si
415 420 487 463 cum
507 399 694 484 gregalibus
713 400 746 464 in
764 400 884 483 pabulo
904 401 1072 466 contendit
1089 403 1122 465 in

110 487 268 553 currendo
288 488 393 551 aliave
413 510 476 572 qua
493 508 538 569 re,
561 509 623 571 quo
642 488 751 570 potior
770 490 825 574 sic,
850 489 888 570 si,
912 512 982 554 cum
1003 490 1123 554 flumen

109 576 349 641 travehundum
372 581 423 641 est
446 577 551 660 gregi,
574 577 609 640 in
632 577 746 660 primis
769 577 974 662 progreditur
997 600 1035 642 ac
1057 600 1123 642 non

82 668 275 748 crespectat
298 665 390 729 alios.
435 665 557 749 emptio
586 666 704 749 equina
727 666 845 730 similis
872 666 939 730 fere
963 689 1001 732 ac
1024 668 1123 731 boum

109 757 144 818 et
163 754 338 835 asinorum,
362 754 447 838 quod
466 753 587 817 eisdem
605 756 702 818 rebus
722 755 756 818 in
775 756 937 838 emptione
956 754 1123 820 dominum
1179 773 1182 778 ·

108 846 247 925 mutant,
271 842 365 906 utin
387 841 502 906 Manili
526 842 706 907 actionibus
731 848 808 907 sunt
830 845 1019 927 perscripta.

200 930 364 1016 Equinnm
387 952 485 1014 pecus
508 931 706 1014 pascendum
728 932 763 995 in
785 933 888 1014 pratis
917 933 1152 1016 potissimum7

107 1020 220 1097 herba,
251 1020 287 1084 in
317 1019 454 1083 stabulis
483 1040 520 1083 ac
547 1021 758 1103 praesepibus
787 1021 877 1085 arido
904 1020 1014 1106 faen03
1051 1043 1125 1086 cum
1204 1076 1207 1081 .

66 1129 94 1170 ro
108 1112 316 1192 pepererunt,
339 1108 461 1172 hordeo
485 1107 617 1191 adiecto,
640 1110 691 1173 bis
711 1109 762 1174 die
781 1109 859 1174 data
878 1132 971 1193 aqna.
1007 1110 1125 1175 horum

108 1198 236 1261 feturae
265 1196 397 1260 initium
425 1196 631 1261 admissionis
658 1197 765 1261 facere
793 1202 922 1281 oportet
952 1198 994 1263 ab
1017 1201 1124 1282 aequi-

108 1286 223 1350 noctio
245 1307 344 1349 verno
369 1284 408 1348 ad
432 1285 620 1365 solstitium,
643 1289 680 1349 ut
701 1289 815 1369 partus
838 1286 954 1352 idoneo
979 1292 1124 1370 ternpore

109 1375 183 1439 fiat:
224 1373 414 1438 duodecimo
444 1374 527 1437 enim
552 1395 662 1437 mense
686 1374 736 1437 die
760 1373 884 1439 decimo
909 1376 1003 1440 aiunt
1025 1377 1124 1440 nasci.

110 1485 194 1547 quae
218 1465 295 1545 post
316 1466 444 1546 tempus
467 1466 657 1545 nascuntur,
684 1462 751 1526 fere
779 1463 899 1527 vitiosa
927 1466 1024 1546 atque
1054 1464 1125 1527 inn-

69 1577 96 1618 11
110 1552 184 1615 tilia
207 1550 359 1615 existunt.
414 1551 584 1615 admittere
612 1555 757 1634 oportet,
787 1572 859 1615 cum
887 1554 1016 1633 tempus
1047 1552 1153 1615 anni8

110 1640 246 1723 venerit,
279 1640 331 1705 bis
364 1639 424 1722 die,
456 1661 550 1703 mane
578 1644 612 1703 et
641 1661 784 1724 vespere,
815 1660 873 1722 per
905 1640 1045 1724 origam:
1078 1639 1125 1705 sic

112 1729 297 1812 appellatur
321 1727 460 1811 qui[qui]
487 1727 638 1794 admittit.
675 1750 716 1792 eo·
736 1728 822 1792 enim
846 1728 1021 1813 adiutante,
1044 1750 1126 1814 equa

112 1817 258 1900 alligata,
277 1817 414 1881 celerius
434 1817 661 1901 admittuntur,
683 1839 786 1902 neque
805 1817 879 1901 equi
896 1817 1021 1882 frustra
1039 1818 1125 1901 cupi·

111 1905 216 1971 ditate
239 1905 361 1988 inpulsi
384 1927 493 1969 semen
516 1907 645 1970 eiciunt.
688 1906 795 1991 quaed
818 1907 897 1970 satis
922 1907 965 1970 sit
989 1906 1126 1990 admitti,

69 1996 203 2079 seipsae
236 1993 434 2077 significant,
472 1994 558 2078 quod
592 2015 625 2058 sc
658 1994 842 2059 defendunt.
899 1995 927 2058 si
958 1994 1125 2057 fastidium

112 2082 250 2147 saliendi
278 2086 340 2164 est,
370 2082 479 2147 scillae
508 2082 647 2146 medium
678 2086 850 2146 conterunt
877 2104 949 2146 cum
978 2104 1062 2166 aqua
1085 2081 1127 2146 ad

111 2172 219 2236 mellis
243 2171 502 2236 crassitudinem:
532 2175 602 2234 tum
625 2192 663 2234 ea
685 2192 720 2234 re
743 2175 895 2234 naturam
919 2192 1029 2255 equae,
1053 2192 1125 2236 cum

111 2281 241 2324 menses
264 2259 381 2340 ferunt,
411 2261 565 2343 tangunt3
602 2262 715 2323 contra
739 2259 779 2322 ab
803 2259 883 2322 locis
907 2280 1008 2342 equae
1030 2281 1124 2323 nares

112 2349 190 2432 equi
219 2351 369 2432 tangunt.
419 2347 551 2412 tametsi
582 2346 784 2431 incredibile,
816 2345 902 2429 quod
935 2369 995 2410 usu
1028 2348 1153 2430 venit,9

69 2461 97 2502 sa
112 2437 290 2501 memoriae
313 2436 540 2501 mandandum.
573 2457 671 2519 equus
695 2438 834 2500 matrem
858 2435 954 2498 salire
977 2456 1050 2498 cum
1073 2434 1127 2497 ad·

113 2526 188 2590 duci
210 2547 278 2590 non
300 2528 420 2609 posset,
444 2547 517 2589 cum
541 2546 614 2588 eum
638 2525 743 2607 capite
762 2523 917 2588 obvoluto
937 2522 1052 2606 auriga
1071 2523 1125 2587 ad-

112 2614 259 2679 duxisset
285 2618 319 2677 et
346 2614 506 2699 coegisset
533 2617 671 2678 matrem
697 2613 794 2693 inire,
825 2634 896 2678 cum
921 2611 1127 2676 descendenti

112 2703 310 2786 dempsisset
334 2703 374 2766 ab
399 2703 515 2787 oculis,
549 2703 607 2782 [et]
637 2702 692 2765 ille
716 2703 873 2787 impetum
895 2700 973 2765 feeit
995 2701 1029 2764 in
1054 2722 1127 2765 eum

204 2915 220 2966 t
239 2911 347 2966 simillia
366 2909 479 2979 (similis
497 2914 603 2981 apopr.)
650 2917 666 2966 ‘1
685 2912 792 2968 mamili
839 2917 872 2965 10
892 2912 959 2966 data
978 2911 1081 2994 (danda
1096 2912 1127 2978 V,

112 2983 183 3037 data
201 2984 306 3052 apocr.)
381 2987 413 3035 12
428 2981 477 3052 ad]
496 2983 525 3035 et
596 2983 713 3037 idoneus
787 2988 820 3036 16
834 2981 966 3052 peroriga
983 2982 1062 3036 misit
1075 2999 1128 3062 ap-

110 3053 236 3134 pellatur
258 3054 350 3108 meadi
372 3059 440 3107 nota
464 3054 592 3122 adposito
665 3059 697 3106 19
721 3054 815 3121 quoad
886 3051 1129 3106 24111111111111

110 3122 275 3178 incredibili
345 3123 588 3178 2511111111ηᾱαω
612 3141 675 3178 cum
697 3140 785 3191 equus
809 3123 929 3175 matrem
956 3123 1039 3175 salire
1065 3137 1128 3175 cum

112 3195 217 3248 adduci
239 3211 296 3249 non
318 3195 414 3263 posset
438 3211 501 3248 eum
565 3198 599 3248 28
623 3192 773 3248 demsisset
790 3180 969 3262 (dempsisset
990 3191 1022 3257 V,
1041 3191 1128 3244 demi·

113 3266 199 3321 sisset
216 3267 378 3335 upoyropbo
395 3265 556 3333 recentiora)
593 3265 628 3318 ab
648 3263 736 3317 oculis
757 3265 786 3317 et
799 3261 848 3316 ille
863 3261 909 3332 (ab
924 3261 1011 3316 oculis
1025 3260 1074 3316 ssle
1090 3262 1128 3332 V)

206 3449 221 3498 ⁷
246 3441 396 3497 Maniliic
470 3446 501 3495 12
529 3442 565 3495 ad
591 3439 742 3496 solstitium
766 3457 782 3494 o
853 3439 955 3494 idoneo
980 3439 1038 3494 cod.
1061 3437 1128 3493 Pur.

113 3520 150 3569 24
167 3515 284 3569 tametsi
299 3509 464 3568 incredibile
482 3529 499 3568 c
