2452 3938
285 744 524 818 CAPITVLA
551 745 682 817 LIBRI
709 745 848 817 PRIMI

52 920 119 997 Qui
143 918 258 984 Graeci
281 917 320 982 de
344 919 415 1003 egri
439 920 565 984 cultura
589 919 777 1003 scripserint

54 1007 145 1084 Quae
170 1006 365 1092 diiungendc
388 1007 454 1071 sint
477 1008 518 1072 ab
543 1008 614 1091 agri
638 1008 764 1072 cultura

52 1096 173 1162 Artem
198 1117 269 1161 esse
292 1096 364 1181 agri
388 1096 549 1161 culturum

26 1185 140 1270 sAgri
164 1185 309 1250 culturae
333 1184 417 1268 quod
442 1185 486 1249 sit
508 1185 640 1248 initium
664 1188 698 1248 et
721 1184 794 1268 quis
817 1184 891 1249 finis

54 1273 145 1350 Quot
166 1277 279 1356 partes
301 1272 422 1337 habeat
444 1273 617 1356 disciplina
640 1273 784 1337 culturae
810 1274 881 1358 agri

52 1361 104 1426 De
128 1362 199 1426 solo
222 1361 314 1424 fundi
337 1383 418 1444 quae
443 1363 509 1426 sint
532 1361 669 1426 videnda

54 1450 118 1526 Qui
143 1451 192 1514 sit
211 1471 287 1535 ager
310 1454 462 1534 optumus
486 1449 613 1533 etquis
637 1450 678 1513 ub
702 1469 750 1533 eo
764 1448 932 1531 proximus
957 1451 990 1513 et
1015 1448 1070 1532 qui

145 1538 296 1622 deinceps

14 1627 107 1691 10De
130 1626 233 1691 vineis

54 1714 104 1778 De
128 1714 232 1779 modis
256 1735 410 1798 agrorum

53 1803 233 1869 Heredium
260 1807 293 1867 et
320 1804 463 1867 centuria
491 1805 524 1867 et
551 1804 653 1868 saltus
682 1824 781 1887 quare
806 1803 874 1867 sint
897 1801 949 1866 his
973 1824 1068 1867 voca-

144 1891 231 1956 bulis
255 1892 421 1974 appellata

53 1981 103 2045 De
127 1980 208 2045 villa

18 2088 42 2128 ιι
55 2069 103 2133 De
128 2091 213 2152 aqua
234 2068 330 2133 villae

56 2157 103 2222 De
128 2158 199 2222 loco
223 2157 313 2222 etin
338 2179 436 2241 quarn
459 2160 587 2240 partem
610 2157 692 2222 caeli
714 2157 795 2221 villa
816 2154 969 2238 ponenda
990 2156 1036 2224 sit

10 2288 12 2298 ι
55 2247 103 2310 De
128 2245 225 2310 villae
248 2246 391 2310 rusticae
414 2245 629 2328 descriptione

55 2333 103 2398 De
129 2334 252 2417 saeptis
276 2355 358 2418 quae
380 2334 471 2398 fundi
494 2333 624 2398 tutandi
647 2355 743 2398 causa
766 2331 849 2395 fiunt

56 2421 103 2486 De
126 2423 248 2487 finibus
271 2423 399 2488 tuendis

20 2529 42 2571 ro
56 2511 104 2576 De
137 2511 183 2575 eis
216 2532 298 2595 quae
331 2515 422 2576 extra
452 2509 589 2575 fundum
622 2508 790 2575 commoda
817 2506 899 2571 fiunt
933 2510 989 2571 aut
1020 2507 1068 2571 in-

145 2599 317 2664 commodo

55 2686 139 2772 Agri
162 2688 279 2772 quibus
302 2688 398 2752 rebus
422 2687 573 2752 coluntur

55 2775 104 2862 De
127 2797 262 2840 numero
285 2777 494 2855 rusticorum,
524 2775 673 2858 quotenis
704 2774 811 2858 operis
836 2773 971 2857 quisque
996 2772 1069 2857 agri

145 2864 260 2928 modus
284 2864 347 2929 coli
370 2865 476 2948 possit

19 2972 42 3012 rs
54 2951 148 3105 3ιοὶ
166 2954 253 3106 ἰζςίε
277 2953 376 3018 bourn
400 2953 535 3038 quisque
559 2952 630 3036 agri
653 2950 768 3016 modus
792 2950 856 3015 coli
879 2949 984 3032 possit

86 3063 103 3104 e
150 3065 170 3105 u
195 3064 232 3105 us

50 3255 58 3266 .
145 3221 160 3268 1
179 3214 313 3269 Varronis
331 3215 435 3269 Rerum
452 3213 629 3268 Rustiourum
653 3212 688 3266 de
711 3210 883 3294 agricultura
906 3209 977 3263 liber
995 3207 1035 3261 I
1027 3226 1068 3261 ιιι-

56 3284 125 3354 cipit
141 3286 269 3340 feliciter.
308 3285 398 3355 Quig
399 3284 483 3339 raeci
592 3290 607 3338 6
627 3283 710 3349 Quod
773 3281 844 3336 disci
864 3281 939 3335 linae
958 3277 1016 3332 cult
1004 3279 1068 3332 turc

56 3360 88 3409 18
107 3355 179 3411 fiunt
197 3356 278 3426 (fiant
297 3357 369 3423 Pol,
379 3305 460 3410 gfiunt
477 3371 573 3424 apopr
593 3361 618 3410 et
606 3354 713 3424 tVict.)
876 3351 1006 3421 nt(ficut
1026 3349 1068 3418 V)

51 3432 90 3480 '23
110 3427 241 3496 quotiens
261 3428 352 3498 operis
434 3432 467 3481 25
488 3424 596 3490 Quod'
587 3425 661 3494 rugis

870 3510 907 3562 1*
