2452 3938
163 151 206 216 34
332 146 341 156 “
570 147 757 205 VARRONIS

164 294 257 381 cipit,
284 295 400 378 nequis
429 295 468 359 de
495 295 594 358 fundo
625 296 718 357 exeat
740 296 869 377 praeter
891 293 1022 358 vilicum
1046 295 1080 356 et
1102 315 1177 376 pro·

164 406 253 447 mum
273 388 305 446 ct
324 405 433 466 unum,
452 405 546 467 quem
560 383 674 448 vilicus
689 383 792 466 legat3
810 382 910 466 siquis
925 385 1040 446 contra
1055 382 1176 467 exierit,

163 494 205 536 ne
228 473 348 555 inpune
372 473 482 555 abeat3
506 472 535 535 si
558 470 685 552 abierit,
707 475 744 534 ut
766 471 802 534 in
824 470 954 536 vilicum
976 471 1177 535 animadver-

162 564 260 624 tatur.
306 559 391 643 quod
414 563 523 644 potius
546 560 595 624 ita
617 558 879 642 praecipiendum
901 559 975 643 fuit,
995 559 1112 642 nequis
1131 559 1177 623 in·

164 651 255 712 iussu
269 649 359 713 vilici
374 649 496 730 exierit,
514 669 618 731 neque
633 647 747 712 vilicus
761 647 886 712 iniussu
901 647 1023 711 domini
1033 647 1174 732 longius,
1199 669 1210 710 s

165 759 261 820 quam
284 741 322 802 ut
345 736 458 802 ecdem
481 738 532 801 die
555 735 685 818 rediret,
708 758 811 819 neque
834 736 868 799 id
891 736 1051 820 crebrius,
1079 756 1177 819 quam

135 833 245 908 60pus
274 831 359 890 esset
385 825 494 890 fundo.
542 826 685 908 [quarto]
717 825 852 889 eundem
875 823 1011 888 fundum
1033 824 1176 888 fructuo-

165 915 283 978 siorem
309 914 435 978 faciunt
461 917 627 995 vecturae,
659 914 687 976 si
716 914 786 978 viae
815 916 903 996 sunt,
937 932 1000 996 qua
1027 913 1178 996 plaustra

165 1003 219 1087 agi
237 1003 332 1067 facile
350 1002 487 1087 possint,
508 1006 565 1065 aut
582 1001 717 1065 flumina
735 1001 926 1085 propinqua,
946 1023 1010 1084 qua
1027 1001 1178 1086 navigari

163 1091 278 1175 possit,
306 1091 422 1174 quibus
441 1090 585 1173 utrisque
604 1090 700 1154 rebus
719 1090 812 1154 evehi
831 1094 928 1172 atque
945 1089 1055 1154 invehi
1071 1090 1177 1154 multa
1190 1111 1212 1151 rc

165 1179 204 1242 ad
237 1179 370 1263 praedia
402 1179 531 1243 scimus.
582 1177 683 1242 refert
714 1177 813 1243 etiam
845 1176 887 1242 ad
918 1177 1011 1241 fundi
1043 1178 1177 1260 fructus,

164 1288 260 1350 quem
284 1268 324 1331 ad
348 1266 479 1331 modum
503 1266 628 1331 vicinus
651 1267 684 1330 in
708 1265 846 1330 confinio
875 1267 1038 1330 consitum
1061 1287 1177 1351 agrum

163 1355 292 1421 habeat.
338 1355 366 1420 si
393 1355 480 1420 enim
508 1355 548 1419 ad
576 1354 713 1419 limitem
741 1358 952 1440 querquetum
975 1354 1090 1439 habet,
1108 1376 1177 1428 ,non

164 1443 271 1527 possis
294 1449 381 1509 recte
405 1443 579 1508 secundum
603 1465 675 1508 eam
694 1443 810 1508 silvam
829 1464 933 1507 serere
952 1444 1067 1526 oleam,
1092 1442 1189 1528 quod,

164 1554 265 1617 usque
284 1555 322 1598 ec
342 1535 392 1597 cst
410 1532 608 1598 contrarium
626 1535 753 1615 natura,
776 1535 812 1595 ut
831 1533 963 1596 arbores
982 1553 1050 1596 non
1069 1532 1176 1596 solum
1190 1551 1213 1593 15

164 1622 270 1685 minus
293 1621 410 1703 ferant,
433 1620 490 1685 sed
512 1621 612 1685 ctiam
634 1620 772 1704 fugiant,
795 1624 831 1684 ut
853 1620 1030 1684 introrsum
1048 1620 1082 1686 iu
1103 1621 1176 1684 fun-

164 1709 240 1773 dum
263 1730 298 1773 sc
321 1711 485 1792 reclinent,
508 1713 544 1771 ut
563 1709 640 1774 vitis
660 1709 765 1772 adsita
784 1709 823 1772 ad
842 1707 937 1773 holus
956 1708 1063 1773 facere
1083 1711 1177 1774 solet.

165 1801 202 1860 ut
221 1818 366 1880 quercus,
386 1797 433 1860 sic
450 1796 643 1880 iugulandos
662 1817 798 1880 magnae
818 1802 851 1860 et
870 1797 999 1861 crebrae
1017 1797 1178 1862 finitimae

163 1884 255 1949 fundi
279 1908 369 1950 oram
395 1885 520 1948 faciunt
544 1884 698 1949 sterilem.

106 1987 184 2043 XVII
251 1972 301 2037 Dc
315 1972 407 2037 fundi
422 1977 575 2057 quattuor
588 1973 745 2056 partibus,
760 1994 841 2058 quae
856 1995 930 2038 cum
944 1973 1015 2039 solo
1030 1973 1176 2058 haerent,
1188 1994 1212 2034 rc

163 2066 195 2125 et
218 2063 327 2126 alteris
347 2064 510 2146 quattuor,
534 2083 615 2145 quae
635 2066 727 2126 extra
744 2061 881 2126 fundum
900 2065 977 2126 sunt
995 2065 1028 2126 et
1048 2062 1090 2127 ad
1109 2063 1174 2127 cul-

162 2157 268 2214 turam
291 2151 460 2234 pertinent,
484 2150 559 2214 dixi.
595 2172 680 2215 nunc
704 2150 817 2230 dicam,
840 2151 912 2236 agri
936 2150 1052 2235 quibus
1075 2151 1173 2216 rebus

162 2238 319 2303 colantur.
364 2261 444 2324 quas
471 2260 523 2303 res
552 2239 609 2303 alii
636 2238 785 2303 dividunt
815 2239 850 2302 in
878 2239 957 2303 duas
984 2242 1110 2324 partes,
1139 2240 1174 2304 in

162 2326 309 2391 homines
337 2332 370 2391 ct
398 2328 593 2392 adminicula
620 2327 800 2409 hominum,
829 2328 898 2391 sine
926 2328 1043 2411 quibus
1074 2329 1172 2393 rebus

162 2417 265 2481 colere
292 2438 358 2480 non
387 2419 538 2501 possunt3
570 2415 626 2479 alii
653 2417 688 2479 in
714 2419 781 2479 tres
815 2419 937 2498 partes,
964 2415 1174 2483 instrumenti
1189 2435 1213 2476 rs

164 2525 264 2588 genus
287 2504 399 2569 vocale
423 2508 456 2568 et
479 2505 671 2568 semivocale
694 2507 727 2568 ct
749 2507 885 2587 mutum,
907 2505 1027 2589 vocale,
1050 2505 1087 2568 in
1110 2527 1178 2590 quo.

164 2597 239 2657 sunt
262 2594 355 2675 servi,
378 2592 581 2673 semivocalc,
605 2592 640 2656 iu
663 2614 726 2676 quo
750 2597 826 2657 sunt
848 2594 958 2677 boves,
981 2596 1118 2677 mutum,
1143 2594 1176 2657 in

134 2690 228 2764 tque
257 2684 333 2744 sunt
358 2681 515 2762 plaustra.
566 2701 677 2744 omnes
706 2683 776 2765 agri
804 2682 953 2746 coluntur
985 2681 1174 2746 hominibus

165 2768 266 2832 servis
296 2770 352 2831 aut
378 2767 489 2832 liberis
514 2772 569 2832 aut
593 2768 753 2852 utrisque:
779 2769 906 2853 liberis,
935 2773 992 2834 aut
1015 2791 1089 2834 cum
1113 2769 1184 2854 ipsi

165 2856 285 2939 colunt,
308 2859 345 2919 ut
370 2856 516 2939 plerique
539 2857 727 2940 pauperculi
752 2879 824 2922 cum
847 2880 905 2922 sua
928 2859 1098 2942 progenie,
1122 2861 1213 2923 autu

165 2943 412 3026 mercennariis,
444 2966 517 3007 cum
545 2945 753 3010 conducticiis
785 2946 962 3011 liberorum
990 2947 1098 3030 operis
1126 2968 1176 3011 res

252 3124 267 3172 3
291 3116 404 3185 impune
437 3117 522 3173 abeat
553 3119 683 3188 (impune
715 3119 819 3174 habeut
846 3121 972 3189 plurima
998 3121 1176 3190 apoqraplia)

163 3195 197 3243 10
215 3189 312 3243 inuehi
330 3188 367 3243 ad
390 3188 480 3243 multa
502 3189 620 3258 praedia
710 3196 743 3244 17
762 3189 869 3246 adsista
940 3189 1021 3245 holus
1043 3189 1117 3259 (clus
1140 3190 1176 3257 V)

164 3265 197 3314 18
217 3259 269 3331 sic]
289 3260 313 3312 ei
372 3266 405 3314 31
425 3260 603 3315 mercenariis
622 3258 830 3330 (mercennariis
848 3263 985 3317 nonnulla
1002 3263 1176 3333 apcpruplrc)

252 3424 285 3473 10
303 3418 399 3473 invehi
418 3419 507 3474 multa
526 3419 562 3472 ad
579 3419 697 3488 praedia
715 3419 896 3476 Schneidcrus
995 3426 1027 3474 1⁷
1046 3417 1142 3476 adsita
1160 3436 1176 3474 v

164 3496 198 3543 18
218 3488 258 3543 sic
280 3489 426 3558 iuglandes
451 3491 589 3545 Victorius
