2452 3938
127 151 190 218 106
543 147 729 205 rannerus

74 309 162 367 10ac
186 296 349 361 mordicus
372 293 541 360 interfecit.
575 316 648 358 cum
667 297 881 378 conceperunt
899 315 1009 378 equae,
1030 292 1137 357 viden·

125 388 201 450 dum
228 406 268 449 ne
297 389 353 448 aut
381 384 532 448 laborent
555 382 737 466 plusculum
761 388 818 448 aut
840 404 881 446 ne
903 382 1032 466 frigidis
1056 382 1136 448 locis

125 476 199 559 sint,
224 474 309 559 quod
337 473 431 557 algor
460 472 599 536 maxime
622 472 856 556 praegnatibus
881 471 983 537 obest.
1028 471 1138 555 itaque

124 563 159 628 in
183 563 318 628 stabulis
338 566 371 626 61
389 583 500 625 11111616
518 559 692 645 prohibere
712 562 842 644 oportet
859 559 1004 644 humum,
1027 559 1139 624 clausa

123 652 244 717 habere
268 650 353 716 ostia
377 671 413 714 ao
435 650 611 730 fenestras,
634 652 667 713 et
690 649 776 713 inter
798 649 944 732 singulas
968 670 1138 731 61116666-
1163 668 1172 709 1

124 741 221 824 pibus
239 739 411 804 intericere
430 738 608 821 lougorior,
631 737 686 820 qui
705 759 760 802 eas
780 737 972 820 discernant,
994 756 1036 800 ne
1054 737 1139 800 inter

125 852 159 895 se
189 849 334 913 pugnare
366 827 518 911 possint·
549 829 761 910 praegnatem
790 847 895 909 neque
918 825 1044 908 inplere
1068 825 1139 890 cibo

73 940 112 996 11
126 940 230 1002 neque
259 917 381 982 esurire
409 919 505 998 oport
525 918 548 979 t.
599 914 733 978 alternis
756 915 818 999 =qui
846 913 1038 996 admittant,
1071 913 1138 978 diu·

124 1007 285 1072 turniores
314 1026 427 1089 equas,
456 1003 604 1068 meliores
635 1003 744 1085 pullos
771 1003 842 1067 fieri
869 1002 994 1085 dicunt,
1028 1002 1138 1087 itaque

124 1099 162 1160 ut
179 1093 342 1158 restibiles
362 1097 487 1176 segetes
507 1112 576 1156 esse
596 1093 782 1172 exuctiores,
802 1091 847 1156 sic
866 1091 1041 1175 quotannis
1058 1112 1139 1174 quae
1151 1113 1172 1152 10

125 1185 320 1267 praegnates
344 1181 433 1245 fiant.
470 1181 530 1260 [in]
551 1181 660 1245 decem
680 1179 793 1244 diebus
813 1180 989 1244 secundum
1007 1183 1139 1263 partum

125 1292 199 1335 eum
222 1269 382 1334 matribus
410 1269 446 1332 in
472 1268 628 1353 pabulum
655 1268 901 1352 prodigendum,
929 1289 970 1331 ne
997 1268 1138 1353 ungulas

125 1363 253 1423 teneras
291 1359 450 1422 conburat
489 1362 622 1422 stercus.
683 1356 1001 1441 quinquemestribus
1042 1357 1139 1440 pullis

124 1447 229 1530 factis,
261 1468 333 1512 cum
356 1447 480 1511 redacti
503 1446 636 1510 suntin
659 1446 837 1528 stabulum,
865 1444 1071 1510 obiciendum
1094 1445 1138 1509 ia-

124 1536 231 1600 rinam
253 1536 462 1601 hordeaciam
485 1535 634 1600 molitam
656 1556 729 1598 cum
751 1533 947 1618 furfuribus,
976 1539 1009 1597 et
1033 1533 1139 1618 siquid
1152 1553 1171 1594 u

74 1625 213 1704 12aliud
235 1628 324 1688 terra
346 1629 458 1688 natum
481 1624 622 1688 libenter
644 1622 748 1688 edent
777 1622 936 1687 anniculis
954 1623 1020 1686 iam
1045 1622 1138 1687 lactis

126 1713 265 1778 dandum
287 1711 446 1776 hordeum
470 1716 503 1775 61
526 1711 676 1789 furfures,
707 1733 808 1794 usque
831 1711 936 1794 quaad
960 1715 1056 1775 erunt
1078 1712 1139 1775 lac·

125 1803 244 1864 1611166.
290 1821 393 1883 neque
420 1799 511 1882 prius
539 1800 672 1864 biennio
701 1797 849 1864 confecto
878 1821 897 1862 a
926 1801 1012 1864 lacte
1036 1821 1138 1864 remo-

125 1889 277 1972 vendum3
315 1909 442 1972 eosque,
473 1909 546 1952 cum
570 1891 659 1952 stent
681 1909 754 1952 oum
777 1886 949 1972 matribus,
978 1888 1139 1953 interdum

125 1977 340 2058 tractandum,
353 1999 405 2059 ne,
424 1998 496 2041 oum
512 1977 578 2040 sint
592 1977 743 2059 deiunoti,
758 1981 994 2059 exterreantur3
1014 1977 1139 2041 eadem·
1150 1995 1171 2036 11

124 2088 186 2149 que
201 2088 298 2130 causa
312 2066 359 2130 ibi
373 2065 482 2129 frenos
498 2064 766 2149 suspendendum,
781 2068 818 2129 ut
832 2065 915 2130 eculi
925 2070 1139 2130 consuescant

125 2157 158 2217 et
191 2155 299 2218 videre
332 2175 443 2219 eorum
475 2153 592 2218 faeiem
623 2157 656 2217 et
683 2175 700 2218 6
728 2158 819 2218 motu
847 2153 959 2218 audire
987 2155 1139 2237 crepitus.

74 2263 198 2322 13cum
222 2243 288 2306 iam
312 2243 352 2307 ad
376 2264 491 2307 manus
515 2241 665 2307 accedere
689 2243 884 2324 consuerint,
906 2242 1073 2307 interdum
1096 2245 1139 2307 in-

125 2353 245 2414 ponere
275 2330 316 2395 iis
338 2353 474 2416 puerum
497 2331 549 2395 bis
574 2335 630 2395 aut
652 2334 703 2395 ter
727 2330 915 2410 [interdum]
941 2352 1084 2414 pronum
1107 2332 1139 2395 in

123 2425 278 2503 ventrem,
301 2424 417 2503 postea
440 2419 506 2482 iam
530 2419 703 2484 sedentem.
747 2419 827 2483 haec
850 2419 974 2501 facere,
999 2441 1073 2484 oum
1098 2419 1173 2484 61111

77 2544 80 2549 -
123 2510 253 2574 trimus:
276 2513 347 2573 tum
366 2508 452 2572 enim
472 2508 610 2572 maxime
630 2529 771 2572 crescere
792 2528 829 2571 66
847 2508 1044 2572 lacertosum
1061 2508 1139 2573 fieri.

125 2602 200 2661 sunt
231 2598 286 2680 qui
315 2596 424 2661 dicant
453 2601 529 2678 post
560 2619 679 2661 annum
708 2602 741 2660 et
769 2618 826 2660 sex
853 2617 980 2660 menses
1010 2597 1140 2661 eculum

125 2684 250 2748 domari
273 2705 377 2767 posse,
401 2684 456 2748 sed
479 2685 594 2749 melius
613 2686 688 2768 post
706 2684 848 2767 trimum,
872 2706 891 2748 a
910 2705 973 2767 quo
992 2689 1140 2769 tempore

212 2863 230 2910 4
247 2857 376 2928 humum]
396 2873 492 2911 umum
547 2858 674 2913 bhostia
692 2857 776 2927 (ostia
800 2858 838 2928 V)
901 2864 915 2911 7
934 2861 1139 2927 praegnantem

124 2929 318 2996 (praegnatem
336 2928 394 2983 cod.
413 2928 491 2998 Par.)
555 2935 678 2995 9cquos
743 2935 776 2983 10
791 2945 849 2984 esse
882 2929 957 2984 esset
974 2929 1081 2994 (essent
1099 2929 1139 2997 V)

126 3005 159 3053 10
187 3001 331 3053 exactores
405 2999 589 3068 quodannis
664 3005 694 3053 11
723 3015 848 3069 praegna
862 3001 885 3054 is
959 3005 991 3053 12
1016 2999 1138 3068 ungulas

125 3072 280 3124 commorat
302 3070 406 3124 stercus
428 3069 546 3125 tenebat
569 3072 661 3125 meridi
685 3077 752 3126 uota
775 3072 903 3140 adposita
976 3075 1009 3124 15
1036 3070 1139 3125 horde-

124 3139 216 3195 aciam
244 3141 421 3209 (ordeaceum
445 3141 471 3195 V
491 3147 516 3196 et
538 3142 675 3197 nonnulla
698 3142 871 3211 apoqrapua)
945 3146 977 3194 17
1001 3141 1140 3195 hordeum

125 3210 252 3280 (ordeum
276 3212 314 3278 V)
388 3211 540 3266 estrimes
613 3212 780 3268 redonare

214 3359 335 3422 9equas
350 3353 502 3408 Pontedera
515 3356 601 3423 cattq.
612 3357 705 3422 pres
743 3360 775 3407 10
790 3353 977 3408 exactioreso
1016 3359 1139 3408 136616-

124 3421 206 3478 burat
224 3427 330 3479 stercus
347 3424 468 3478 tenellas
487 3424 646 3479 Persuasus
700 3430 735 3478 24
753 3424 796 3478 bis
816 3428 866 3479 aut
886 3427 929 3480 ter
947 3440 1069 3493 pronum
1087 3425 1139 3478 Iu·

124 3495 231 3549 61161166
275 3500 310 3549 10
328 3495 428 3548 trimus
447 3512 464 3550 o
509 3499 543 3548 28
563 3496 671 3550 domari
686 3512 702 3550 6
722 3501 748 3550 et
765 3512 799 3551 ea·
816 3497 979 3551 correctione
997 3496 1056 3551 eod.
1071 3495 1140 3551 Por.
