2452 3938
353 163 484 220 RERVM
501 163 737 219 RVSTIOARVM
755 162 821 218 LIB.
841 164 854 216 I
874 169 888 217 1
1104 163 1124 228 9

109 332 239 388 maeus,
280 307 478 394 Agathocles
517 308 630 392 (lhius,
666 309 859 393 Apollonius
896 306 1126 395 Pergamenus,

110 398 327 464 Aristandros
350 397 574 480 Atheniensis,
599 397 756 462 Bacchius
780 398 943 480 Milesius,
966 398 1049 462 Bion
1069 397 1125 464 So-

109 488 196 569 leus„
226 485 440 552 Chaeresteus
468 490 500 550 et
521 484 683 550 Chaereas
707 486 935 567 Athenienses,
962 485 1125 553 Diodorus

110 575 283 660 Prieneus,
315 575 402 639 Dion
435 573 671 658 Colophonius,
705 574 893 658 Diophanes
927 573 1126 661 Nicaeensis,

84 664 279 749 sEpigenes
306 664 464 748 Rhodius,
495 663 634 748 Euagon
663 663 814 748 Thasius,
842 663 1025 748 Euphronii
1054 664 1127 748 duc,

110 775 199 818 unus
222 752 444 832 Atheniensis,
463 753 542 817 alter
564 752 813 837 Amphipolites,
835 751 995 837 Hegesias
1018 752 1125 819 Maro·

111 843 210 924 nites,
233 841 403 905 Menandri
422 842 495 923 duo,
518 864 601 905 unus
620 840 783 919 Prieneus,
808 841 890 905 alter
908 841 1125 926 Heracleotae,

111 930 264 1012 Nicesius
297 929 489 1012 Maronites,
526 929 667 1013 Pythion
703 929 860 995 Rhodius.
909 931 948 993 de
984 931 1126 1015 reliquis,

111 1041 252 1103 quorum
271 1040 352 1102 quae
370 1018 470 1082 fuerit
487 1019 595 1100 patria
613 1040 679 1083 non
699 1020 817 1102 accepi,
840 1023 916 1083 sunt
936 1020 1126 1103 Androtion,

71 1135 98 1174 ro
112 1107 311 1191 Aeschrion,
334 1106 573 1190 Aristomenes,
596 1106 837 1191 Athenagoras,
862 1105 989 1184 Crates,
1015 1108 1126 1186 Dadis,

107 1196 300 1280 DionysioS,
317 1195 495 1279 Euphiton,
507 1194 714 1278 Euphorion,
733 1196 890 1280 Eubulus,
904 1196 1126 1279 Lysimachus,

110 1286 274 1368 Mnaseas,
287 1284 517 1369 Menestratus,
530 1282 770 1369 Plentiphanes,
785 1284 903 1369 Persis,
917 1285 1126 1369 Theophilus.

110 1374 149 1438 hi
167 1395 248 1457 quos
268 1372 334 1437 dixi
353 1394 464 1437 omnes
479 1373 587 1436 soluta
601 1372 748 1436 oratione
765 1372 978 1456 scripserunt3
997 1375 1127 1439 easdem

110 1484 165 1526 res
180 1461 280 1526 etiam
294 1460 425 1546 quidam
440 1461 596 1543 versibus,
610 1465 647 1523 ut
660 1459 821 1524 Hesiodus
836 1463 1007 1543 Ascraeus,
1021 1461 1127 1525 Mene·

74 1574 100 1615 15
115 1555 224 1615 crates
248 1549 419 1634 Ephesius,
454 1549 515 1614 hos
536 1548 706 1613 nobilitate
729 1548 827 1632 Mago
847 1546 1126 1634 Carthaginiensis
1139 1557 1181 1615 10

112 1638 291 1724 praeteriit,
314 1639 449 1722 poenica
472 1639 586 1722 lingua
606 1639 731 1720 quires
751 1638 914 1721 dispersas
933 1639 1126 1724 conprendit

114 1728 208 1793 libris
231 1745 346 1810 xxnx,
374 1749 454 1810 quos
478 1724 608 1790 Cassius
634 1725 814 1809 Dionysius
840 1725 1004 1792 Uticensis
1027 1729 1127 1792 vertit

114 1817 210 1880 libris
233 1835 282 1880 xx
305 1837 342 1880 ac
366 1836 483 1900 graece
506 1814 618 1900 lingua
642 1811 777 1879 Sextilio
801 1817 945 1898 praetori
968 1817 1069 1880 misit:
1093 1818 1126 1880 in

115 1927 199 1989 quac
222 1904 387 1969 volumina
410 1904 449 1969 de
473 1903 597 1988 graecis
625 1903 718 1968 libris
742 1925 853 1968 eorum
878 1926 959 1988 quos
983 1905 1050 1968 dixi
1072 1906 1125 1968 ad-

73 1994 192 2058 coiecit
218 2015 284 2058 non
311 2015 414 2077 pauca
438 1996 471 2056 et
494 1992 533 2055 de
555 1991 707 2074 Magonis
732 1992 872 2075 dempsit
897 1992 1003 2056 instar
1027 1992 1126 2056 libro-

112 2105 187 2146 rum
211 2101 282 2147 vm.
327 2081 425 2145 hoece
456 2081 545 2164 ipsos
577 2082 704 2144 utiliter
735 2080 775 2144 ad
803 2098 841 2144 v1
868 2081 970 2145 libros
1003 2082 1128 2166 redegit

114 2171 303 2254 Diophanes
331 2169 366 2232 in
392 2169 551 2253 Bithynia
578 2172 611 2233 et
639 2169 728 2233 misit
755 2169 909 2235 Deiotaro
940 2169 1019 2255 regi.
1065 2183 1178 2254 quoll

113 2260 245 2325 brevius
268 2258 307 2323 de
331 2279 369 2323 ea
391 2279 426 2321 re
450 2278 550 2322 conor
572 2257 677 2321 tribus
701 2257 792 2321 libris
810 2278 980 2341 exponere,
1003 2280 1068 2323 uno
1088 2259 1127 2322 de

115 2349 187 2432 agri
211 2347 346 2431 cultura,
369 2347 471 2411 altero
495 2347 591 2410 dere
616 2345 775 2428 pecuaria,
798 2345 896 2409 tertio
917 2345 955 2409 de
973 2347 1128 2410 villaticis

74 2457 101 2500 as
114 2436 333 2520 pastionibuS,
365 2434 427 2499 hoc
459 2435 544 2499 libro
577 2434 774 2498 circumcisis
806 2433 916 2516 rebus,
948 2455 1030 2516 quae
1062 2455 1128 2497 non

117 2525 261 2589 arbitror
282 2523 460 2607 pertinere
494 2522 535 2586 ad
567 2522 639 2608 agri
671 2522 839 2586 culturam.
893 2523 1003 2604 itaque
1036 2521 1127 2605 prius

116 2613 299 2695 ostendam,
326 2634 409 2696 quae
436 2611 560 2676 secerni
588 2613 736 2695 oporteat
764 2611 806 2674 ab
835 2632 885 2694 ea,
912 2614 983 2674 tum
1010 2610 1049 2675 de
1076 2611 1127 2674 his

115 2702 213 2766 rebus
241 2702 346 2766 dicam
375 2722 511 2784 sequens
539 2700 703 2764 naturales
732 2698 915 2764 divisiones.
968 2722 1006 2764 ea
1034 2704 1128 2762 erunt

114 2813 155 2854 ex
173 2789 337 2854 radicibus
355 2789 459 2870 trinis,
478 2792 512 2852 et
530 2809 612 2873 quae
630 2789 699 2871 ipse
718 2789 753 2852 in
771 2789 852 2853 meis
871 2788 979 2853 fundis
994 2788 1127 2853 colendo

75 2901 102 2942 ao
117 2878 339 2960 animadverti,
363 2883 395 2941 et
418 2899 499 2961 quae
522 2876 596 2960 legi,
619 2883 652 2939 et
675 2899 757 2960 quae
782 2899 801 2941 a
824 2877 937 2960 peritis
962 2877 1059 2941 audii.

205 2964 399 3030 Sementivis
426 2965 516 3030 feriis
545 2966 579 3030 in
602 2964 714 3030 aedem
742 2965 878 3029 Telluris
901 2987 1054 3030 veneram
1078 2987 1126 3028 ro·
1142 2981 1169 3034 ΙΙ

205 3145 222 3194 4
239 3139 408 3210 priennaeus
480 3137 630 3193 trhodioe
705 3138 794 3193 tacius
814 3137 960 3208 euphronii
983 3138 1037 3191 duo
1056 3154 1128 3191 unus

115 3209 288 3267 atheniensis
307 3208 507 3280 amphipolites
559 3208 713 3279 iprieneis
738 3213 914 3279 (priennacus
934 3209 973 3277 V)
1028 3214 1059 3261 11
1083 3223 1128 3263 eo·

113 3283 234 3351 phorion
272 3287 305 3334 15
320 3279 469 3335 nobilitate
484 3280 644 3348 (nobilitate
652 3281 724 3351 Pol.)
761 3286 793 3334 16
808 3279 946 3348 phoenica
981 3279 1042 3349 qui]
1054 3280 1128 3347 quod

205 3446 221 3494 5
241 3407 396 3510 Euphronii
421 3439 601 3494 Schneidercs
700 3446 716 3494 6
735 3438 808 3492 alter
830 3439 893 3493 odd.
913 3453 929 3493 o
948 3442 973 3492 et
995 3444 1129 3492 corrector

115 3513 218 3568 codicis
235 3512 396 3566 Florentiai
470 3515 500 3564 11
521 3509 717 3578 Euphorione
