<?xml version="1.0" encoding="UTF-8"?>
<!DOCTYPE html PUBLIC "-//W3C//DTD XHTML 1.0 Transitional//EN"
    "http://www.w3.org/TR/xhtml1/DTD/xhtml1-transitional.dtd">
<html xmlns="http://www.w3.org/1999/xhtml" xml:lang="en" lang="en">
 <head>
  <title>
</title>
<meta http-equiv="Content-Type" content="text/html;charset=utf-8" />
  <meta name='ocr-system' content='tesseract 3.04.00' />
  <meta name='ocr-capabilities' content='ocr_page ocr_carea ocr_par ocr_line ocrx_word'/>
</head>
<body>
  <div class='ocr_page' id='page_1' title='image "./mterentivarroni00keilgoog/mterentivarroni00keilgoog_0154.png"; bbox 0 0 2452 3938; ppageno 0'>
   <div class='ocr_carea' id='block_1_1' title="bbox 312 147 1094 214">
    <p class='ocr_par' dir='ltr' id='par_1_1' title="bbox 312 147 1094 214">
     <span class='ocr_line' id='line_1_1' title="bbox 312 147 1094 214; baseline 0.018 -14"><span class='ocrx_word' id='word_1_1' title='bbox 312 147 442 202; x_wconf 75' lang='lat' dir='ltr'><strong>RERVM</strong></span> <span class='ocrx_word' id='word_1_2' title='bbox 459 147 695 205; x_wconf 74' lang='lat' dir='ltr'>avsrlcsavn</span> <span class='ocrx_word' id='word_1_3' title='bbox 714 148 781 205; x_wconf 88' lang='lat' dir='ltr'><strong>LIB.</strong></span> <span class='ocrx_word' id='word_1_4' title='bbox 796 148 866 204; x_wconf 75' lang='lat' dir='ltr'>Illa</span> <span class='ocrx_word' id='word_1_5' title='bbox 1030 147 1094 214; x_wconf 83' lang='lat'>139</span> 
     </span>
    </p>
   </div>
   <div class='ocr_carea' id='block_1_2' title="bbox 58 291 1150 3122">
    <p class='ocr_par' dir='ltr' id='par_1_2' title="bbox 58 291 1150 3122">
     <span class='ocr_line' id='line_1_2' title="bbox 78 291 1095 379; baseline 0.004 -22"><span class='ocrx_word' id='word_1_6' title='bbox 78 316 143 378; x_wconf 92' lang='lat' dir='ltr'>quo</span> <span class='ocrx_word' id='word_1_7' title='bbox 172 291 260 358; x_wconf 84' lang='lat' dir='ltr'>foras</span> <span class='ocrx_word' id='word_1_8' title='bbox 285 314 324 357; x_wconf 87' lang='lat' dir='ltr'>ex</span> <span class='ocrx_word' id='word_1_9' title='bbox 345 293 545 376; x_wconf 89' lang='lat' dir='ltr'>peristerone</span> <span class='ocrx_word' id='word_1_10' title='bbox 569 292 697 357; x_wconf 82' lang='lat' dir='ltr'>evolare</span> <span class='ocrx_word' id='word_1_11' title='bbox 720 295 848 378; x_wconf 83' lang='lat' dir='ltr'>possint</span> <span class='ocrx_word' id='word_1_12' title='bbox 870 296 1095 379; x_wconf 87' lang='lat' dir='ltr'>matres[quc].</span> 
     </span>
     <span class='ocr_line' id='line_1_3' title="bbox 79 381 1095 467; baseline 0.002 -21"><span class='ocrx_word' id='word_1_13' title='bbox 79 381 168 467; x_wconf 91' lang='lat' dir='ltr'>quod</span> <span class='ocrx_word' id='word_1_14' title='bbox 190 381 315 446; x_wconf 89' lang='lat' dir='ltr'>faciunt</span> <span class='ocrx_word' id='word_1_15' title='bbox 338 381 463 445; x_wconf 88' lang='lat' dir='ltr'>duabus</span> <span class='ocrx_word' id='word_1_16' title='bbox 487 381 668 446; x_wconf 87' lang='lat' dir='ltr'>decausis:</span> <span class='ocrx_word' id='word_1_17' title='bbox 695 403 769 466; x_wconf 91' lang='lat' dir='ltr'>una,</span> <span class='ocrx_word' id='word_1_18' title='bbox 793 383 820 445; x_wconf 90' lang='lat' dir='ltr'>si</span> <span class='ocrx_word' id='word_1_19' title='bbox 843 382 1014 446; x_wconf 86' lang='lat' dir='ltr'>fastidiunt</span> <span class='ocrx_word' id='word_1_20' title='bbox 1038 387 1095 448; x_wconf 90' lang='lat' dir='ltr'>aut</span> 
     </span>
     <span class='ocr_line' id='line_1_4' title="bbox 77 470 1096 554; baseline 0.001 -19"><span class='ocrx_word' id='word_1_21' title='bbox 77 470 225 535; x_wconf 81' lang='lat' dir='ltr'><strong>inclusae</strong></span> <span class='ocrx_word' id='word_1_22' title='bbox 249 474 492 554; x_wconf 88' lang='lat' dir='ltr'>consenescunt,</span> <span class='ocrx_word' id='word_1_23' title='bbox 516 471 601 553; x_wconf 92' lang='lat' dir='ltr'>quod</span> <span class='ocrx_word' id='word_1_24' title='bbox 624 470 728 536; x_wconf 91' lang='lat' dir='ltr'>libero</span> <span class='ocrx_word' id='word_1_25' title='bbox 753 492 834 553; x_wconf 89' lang='lat' dir='ltr'>aere,</span> <span class='ocrx_word' id='word_1_26' title='bbox 861 492 933 535; x_wconf 87' lang='lat' dir='ltr'>cum</span> <span class='ocrx_word' id='word_1_27' title='bbox 958 471 1096 536; x_wconf 80' lang='lat' dir='ltr'>exierint</span> 
     </span>
     <span class='ocr_line' id='line_1_5' title="bbox 77 558 1094 644; baseline 0.002 -21"><span class='ocrx_word' id='word_1_28' title='bbox 77 561 114 623; x_wconf 93' lang='lat' dir='ltr'>in</span> <span class='ocrx_word' id='word_1_29' title='bbox 138 575 244 642; x_wconf 82' lang='lat' dir='ltr'>agros,</span> <span class='ocrx_word' id='word_1_30' title='bbox 267 558 539 643; x_wconf 78' lang='lat' dir='ltr'>redintegrentur:</span> <span class='ocrx_word' id='word_1_31' title='bbox 577 558 680 623; x_wconf 86' lang='lat' dir='ltr'>altera</span> <span class='ocrx_word' id='word_1_32' title='bbox 708 559 746 623; x_wconf 89' lang='lat' dir='ltr'>de</span> <span class='ocrx_word' id='word_1_33' title='bbox 769 580 868 624; x_wconf 85' lang='lat' dir='ltr'>eausa</span> <span class='ocrx_word' id='word_1_34' title='bbox 891 564 1024 644; x_wconf 88' lang='lat' dir='ltr'>propter</span> <span class='ocrx_word' id='word_1_35' title='bbox 1047 561 1094 625; x_wconf 94' lang='lat' dir='ltr'>in·</span> 
     </span>
     <span class='ocr_line' id='line_1_6' title="bbox 58 647 1095 732; baseline -0.002 -18"><span class='ocrx_word' id='word_1_36' title='bbox 58 648 200 714; x_wconf 61' lang='lat' dir='ltr'>ilicium.</span> <span class='ocrx_word' id='word_1_37' title='bbox 237 647 327 731; x_wconf 84' lang='lat' dir='ltr'>ipsae</span> <span class='ocrx_word' id='word_1_38' title='bbox 346 647 430 712; x_wconf 88' lang='lat' dir='ltr'>enirn</span> <span class='ocrx_word' id='word_1_39' title='bbox 449 650 581 730; x_wconf 87' lang='lat' dir='ltr'>propter</span> <span class='ocrx_word' id='word_1_40' title='bbox 599 648 716 731; x_wconf 89' lang='lat' dir='ltr'>pullos,</span> <span class='ocrx_word' id='word_1_41' title='bbox 735 668 816 731; x_wconf 88' lang='lat' dir='ltr'>quos</span> <span class='ocrx_word' id='word_1_42' title='bbox 834 647 968 730; x_wconf 85' lang='lat' dir='ltr'>habent,</span> <span class='ocrx_word' id='word_1_43' title='bbox 982 648 1095 732; x_wconf 89' lang='lat' dir='ltr'>utique</span> 
     </span>
     <span class='ocr_line' id='line_1_7' title="bbox 76 735 1094 820; baseline 0 -20"><span class='ocrx_word' id='word_1_44' title='bbox 76 735 228 819; x_wconf 90' lang='lat' dir='ltr'>redeunt,</span> <span class='ocrx_word' id='word_1_45' title='bbox 255 736 319 799; x_wconf 91' lang='lat' dir='ltr'>nisi</span> <span class='ocrx_word' id='word_1_46' title='bbox 347 757 366 799; x_wconf 94' lang='lat' dir='ltr'>a</span> <span class='ocrx_word' id='word_1_47' title='bbox 394 757 490 801; x_wconf 84' lang='lat' dir='ltr'>corvo</span> <span class='ocrx_word' id='word_1_48' title='bbox 519 736 643 801; x_wconf 90' lang='lat' dir='ltr'>occisae</span> <span class='ocrx_word' id='word_1_49' title='bbox 671 740 727 801; x_wconf 88' lang='lat' dir='ltr'>aut</span> <span class='ocrx_word' id='word_1_50' title='bbox 756 737 798 800; x_wconf 89' lang='lat' dir='ltr'>ab</span> <span class='ocrx_word' id='word_1_51' title='bbox 822 737 975 820; x_wconf 81' lang='lat' dir='ltr'>accipitre</span> <span class='ocrx_word' id='word_1_52' title='bbox 998 738 1094 801; x_wconf 86' lang='lat' dir='ltr'>inter·</span> 
     </span>
     <span class='ocr_line' id='line_1_8' title="bbox 76 823 1147 909; baseline 0.002 -20"><span class='ocrx_word' id='word_1_53' title='bbox 76 827 202 908; x_wconf 88' lang='lat' dir='ltr'>ceptae.</span> <span class='ocrx_word' id='word_1_54' title='bbox 225 845 306 907; x_wconf 85' lang='lat' dir='ltr'>quos</span> <span class='ocrx_word' id='word_1_55' title='bbox 324 823 519 889; x_wconf 91' lang='lat' dir='ltr'>columbarii</span> <span class='ocrx_word' id='word_1_56' title='bbox 537 824 716 889; x_wconf 85' lang='lat' dir='ltr'>interficere</span> <span class='ocrx_word' id='word_1_57' title='bbox 732 824 839 890; x_wconf 83' lang='lat' dir='ltr'>solent</span> <span class='ocrx_word' id='word_1_58' title='bbox 853 825 978 889; x_wconf 87' lang='lat' dir='ltr'>duabus</span> <span class='ocrx_word' id='word_1_59' title='bbox 992 825 1093 909; x_wconf 79' lang='lat' dir='ltr'>virgis</span> <span class='ocrx_word' id='word_1_60' title='bbox 1129 835 1147 892; x_wconf 79' lang='lat'>7</span> 
     </span>
     <span class='ocr_line' id='line_1_9' title="bbox 75 910 1095 995; baseline 0 -17"><span class='ocrx_word' id='word_1_61' title='bbox 75 913 213 978; x_wconf 83' lang='lat' dir='ltr'>viscatis</span> <span class='ocrx_word' id='word_1_62' title='bbox 237 912 360 978; x_wconf 90' lang='lat' dir='ltr'>defictis</span> <span class='ocrx_word' id='word_1_63' title='bbox 383 913 418 977; x_wconf 94' lang='lat' dir='ltr'>in</span> <span class='ocrx_word' id='word_1_64' title='bbox 444 910 532 977; x_wconf 86' lang='lat' dir='ltr'>terra</span> <span class='ocrx_word' id='word_1_65' title='bbox 558 913 644 977; x_wconf 89' lang='lat' dir='ltr'>inter</span> <span class='ocrx_word' id='word_1_66' title='bbox 672 934 706 977; x_wconf 89' lang='lat' dir='ltr'>se</span> <span class='ocrx_word' id='word_1_67' title='bbox 734 913 885 995; x_wconf 65' lang='lat' dir='ltr'>curvatis</span> <span class='ocrx_word' id='word_1_68' title='bbox 913 935 986 977; x_wconf 87' lang='lat' dir='ltr'>cum</span> <span class='ocrx_word' id='word_1_69' title='bbox 1008 914 1095 978; x_wconf 87' lang='lat' dir='ltr'>inter</span> 
     </span>
     <span class='ocr_line' id='line_1_10' title="bbox 77 1000 1095 1086; baseline 0.001 -20"><span class='ocrx_word' id='word_1_70' title='bbox 77 1023 133 1066; x_wconf 88' lang='lat' dir='ltr'>eas</span> <span class='ocrx_word' id='word_1_71' title='bbox 162 1001 333 1084; x_wconf 88' lang='lat' dir='ltr'>posuerint</span> <span class='ocrx_word' id='word_1_72' title='bbox 360 1000 540 1085; x_wconf 82' lang='lat' dir='ltr'>obligatum</span> <span class='ocrx_word' id='word_1_73' title='bbox 569 1002 705 1085; x_wconf 90' lang='lat' dir='ltr'>animal,</span> <span class='ocrx_word' id='word_1_74' title='bbox 739 1001 823 1086; x_wconf 89' lang='lat' dir='ltr'>quod</span> <span class='ocrx_word' id='word_1_75' title='bbox 854 1002 960 1083; x_wconf 88' lang='lat' dir='ltr'>[item]</span> <span class='ocrx_word' id='word_1_76' title='bbox 985 1006 1095 1085; x_wconf 88' lang='lat' dir='ltr'>petere</span> 
     </span>
     <span class='ocr_line' id='line_1_11' title="bbox 58 1089 1095 1175; baseline 0.003 -24"><span class='ocrx_word' id='word_1_77' title='bbox 58 1091 207 1156; x_wconf 59' lang='lat' dir='ltr'>isoleant</span> <span class='ocrx_word' id='word_1_78' title='bbox 239 1089 420 1174; x_wconf 81' lang='lat' dir='ltr'>accipitres,</span> <span class='ocrx_word' id='word_1_79' title='bbox 452 1089 507 1174; x_wconf 89' lang='lat' dir='ltr'>qui</span> <span class='ocrx_word' id='word_1_80' title='bbox 538 1091 585 1155; x_wconf 91' lang='lat' dir='ltr'>ita</span> <span class='ocrx_word' id='word_1_81' title='bbox 617 1091 836 1175; x_wconf 87' lang='lat' dir='ltr'>decipiuntur,</span> <span class='ocrx_word' id='word_1_82' title='bbox 868 1113 940 1155; x_wconf 89' lang='lat' dir='ltr'>cum</span> <span class='ocrx_word' id='word_1_83' title='bbox 974 1111 1007 1155; x_wconf 87' lang='lat' dir='ltr'>se</span> <span class='ocrx_word' id='word_1_84' title='bbox 1040 1090 1095 1154; x_wconf 94' lang='lat' dir='ltr'>ob-</span> 
     </span>
     <span class='ocr_line' id='line_1_12' title="bbox 77 1178 1096 1245; baseline 0 -2"><span class='ocrx_word' id='word_1_85' title='bbox 77 1179 230 1243; x_wconf 83' lang='lat' dir='ltr'>levarunt</span> <span class='ocrx_word' id='word_1_86' title='bbox 252 1178 349 1243; x_wconf 87' lang='lat' dir='ltr'>visco.</span> <span class='ocrx_word' id='word_1_87' title='bbox 387 1178 555 1243; x_wconf 89' lang='lat' dir='ltr'>columbas</span> <span class='ocrx_word' id='word_1_88' title='bbox 578 1179 682 1243; x_wconf 87' lang='lat' dir='ltr'>redire</span> <span class='ocrx_word' id='word_1_89' title='bbox 706 1179 808 1245; x_wconf 88' lang='lat' dir='ltr'>solere</span> <span class='ocrx_word' id='word_1_90' title='bbox 832 1178 873 1243; x_wconf 90' lang='lat' dir='ltr'>ad</span> <span class='ocrx_word' id='word_1_91' title='bbox 891 1180 1000 1244; x_wconf 91' lang='lat' dir='ltr'>locum</span> <span class='ocrx_word' id='word_1_92' title='bbox 1018 1179 1096 1245; x_wconf 88' lang='lat' dir='ltr'>licet</span> 
     </span>
     <span class='ocr_line' id='line_1_13' title="bbox 77 1267 1094 1351; baseline 0.001 -19"><span class='ocrx_word' id='word_1_93' title='bbox 77 1267 353 1351; x_wconf 80' lang='lat' dir='ltr'>animadvertere,</span> <span class='ocrx_word' id='word_1_94' title='bbox 381 1267 466 1351; x_wconf 89' lang='lat' dir='ltr'>quod</span> <span class='ocrx_word' id='word_1_95' title='bbox 494 1268 589 1332; x_wconf 85' lang='lat' dir='ltr'>multi</span> <span class='ocrx_word' id='word_1_96' title='bbox 616 1268 651 1332; x_wconf 93' lang='lat' dir='ltr'>in</span> <span class='ocrx_word' id='word_1_97' title='bbox 679 1267 810 1333; x_wconf 88' lang='lat' dir='ltr'>theatro</span> <span class='ocrx_word' id='word_1_98' title='bbox 840 1290 857 1332; x_wconf 92' lang='lat' dir='ltr'>e</span> <span class='ocrx_word' id='word_1_99' title='bbox 881 1268 954 1333; x_wconf 89' lang='lat' dir='ltr'>sinu</span> <span class='ocrx_word' id='word_1_100' title='bbox 977 1268 1094 1333; x_wconf 85' lang='lat' dir='ltr'>missas</span> 
     </span>
     <span class='ocr_line' id='line_1_14' title="bbox 76 1355 1094 1440; baseline 0.003 -22"><span class='ocrx_word' id='word_1_101' title='bbox 76 1355 211 1440; x_wconf 89' lang='lat' dir='ltr'>faciunt,</span> <span class='ocrx_word' id='word_1_102' title='bbox 235 1359 331 1438; x_wconf 89' lang='lat' dir='ltr'>atque</span> <span class='ocrx_word' id='word_1_103' title='bbox 354 1355 393 1418; x_wconf 91' lang='lat' dir='ltr'>ad</span> <span class='ocrx_word' id='word_1_104' title='bbox 417 1356 524 1421; x_wconf 89' lang='lat' dir='ltr'>locum</span> <span class='ocrx_word' id='word_1_105' title='bbox 542 1356 685 1439; x_wconf 86' lang='lat' dir='ltr'>redeunt,</span> <span class='ocrx_word' id='word_1_106' title='bbox 708 1377 790 1440; x_wconf 89' lang='lat' dir='ltr'>quae</span> <span class='ocrx_word' id='word_1_107' title='bbox 815 1356 879 1420; x_wconf 91' lang='lat' dir='ltr'>nisi</span> <span class='ocrx_word' id='word_1_108' title='bbox 896 1360 1094 1421; x_wconf 83' lang='lat' dir='ltr'>reverteren-</span> 
     </span>
     <span class='ocr_line' id='line_1_15' title="bbox 76 1443 1147 1528; baseline 0.004 -20"><span class='ocrx_word' id='word_1_109' title='bbox 76 1448 143 1528; x_wconf 85' lang='lat' dir='ltr'>tur,</span> <span class='ocrx_word' id='word_1_110' title='bbox 161 1465 227 1508; x_wconf 93' lang='lat' dir='ltr'>non</span> <span class='ocrx_word' id='word_1_111' title='bbox 246 1444 496 1510; x_wconf 70' lang='lat' dir='ltr'>emitterentur.&#39;</span> <span class='ocrx_word' id='word_1_112' title='bbox 514 1445 604 1509; x_wconf 89' lang='lat' dir='ltr'>cibus</span> <span class='ocrx_word' id='word_1_113' title='bbox 624 1443 796 1528; x_wconf 89' lang='lat' dir='ltr'>adponitur</span> <span class='ocrx_word' id='word_1_114' title='bbox 814 1444 934 1508; x_wconf 88' lang='lat' dir='ltr'>circum</span> <span class='ocrx_word' id='word_1_115' title='bbox 953 1445 1093 1528; x_wconf 87' lang='lat' dir='ltr'>parietes</span> <span class='ocrx_word' id='word_1_116' title='bbox 1128 1455 1147 1512; x_wconf 88' lang='grc'>8</span> 
     </span>
     <span class='ocr_line' id='line_1_16' title="bbox 58 1532 1095 1616; baseline 0 -20"><span class='ocrx_word' id='word_1_117' title='bbox 58 1533 113 1597; x_wconf 67' lang='lat' dir='ltr'>sin</span> <span class='ocrx_word' id='word_1_118' title='bbox 143 1532 326 1611; x_wconf 85' lang='lat' dir='ltr'>canalibua,</span> <span class='ocrx_word' id='word_1_119' title='bbox 354 1554 435 1616; x_wconf 87' lang='lat' dir='ltr'>quaa</span> <span class='ocrx_word' id='word_1_120' title='bbox 463 1533 673 1598; x_wconf 38' lang='lat' dir='ltr'>extrinsecus*</span> <span class='ocrx_word' id='word_1_121' title='bbox 689 1554 748 1616; x_wconf 92' lang='lat' dir='ltr'>per</span> <span class='ocrx_word' id='word_1_122' title='bbox 774 1533 902 1610; x_wconf 86' lang='lat' dir='ltr'>fistulas</span> <span class='ocrx_word' id='word_1_123' title='bbox 933 1533 1095 1616; x_wconf 91' lang='lat' dir='ltr'>supplent.</span> 
     </span>
     <span class='ocr_line' id='line_1_17' title="bbox 77 1619 1094 1705; baseline 0 -19"><span class='ocrx_word' id='word_1_124' title='bbox 77 1621 285 1686; x_wconf 87' lang='lat' dir='ltr'>delectantur</span> <span class='ocrx_word' id='word_1_125' title='bbox 306 1621 412 1705; x_wconf 89' lang='lat' dir='ltr'>milio,</span> <span class='ocrx_word' id='word_1_126' title='bbox 436 1620 558 1704; x_wconf 86' lang='lat' dir='ltr'>tritico,</span> <span class='ocrx_word' id='word_1_127' title='bbox 580 1620 716 1704; x_wconf 89' lang='lat' dir='ltr'>hordeo,</span> <span class='ocrx_word' id='word_1_128' title='bbox 739 1620 826 1704; x_wconf 91' lang='lat' dir='ltr'>piso,</span> <span class='ocrx_word' id='word_1_129' title='bbox 848 1619 983 1703; x_wconf 87' lang='lat' dir='ltr'>fasiolis,</span> <span class='ocrx_word' id='word_1_130' title='bbox 1008 1642 1094 1687; x_wconf 87' lang='lat' dir='ltr'>ervo.</span> 
     </span>
     <span class='ocr_line' id='line_1_18' title="bbox 77 1709 1094 1794; baseline -0.002 -19"><span class='ocrx_word' id='word_1_131' title='bbox 77 1710 158 1775; x_wconf 90' lang='lat' dir='ltr'>item</span> <span class='ocrx_word' id='word_1_132' title='bbox 176 1709 243 1774; x_wconf 89' lang='lat' dir='ltr'>fere</span> <span class='ocrx_word' id='word_1_133' title='bbox 261 1710 350 1788; x_wconf 90' lang='lat' dir='ltr'>haec,</span> <span class='ocrx_word' id='word_1_134' title='bbox 368 1710 403 1773; x_wconf 92' lang='lat' dir='ltr'>in</span> <span class='ocrx_word' id='word_1_135' title='bbox 420 1710 564 1775; x_wconf 87' lang='lat' dir='ltr'>turribus</span> <span class='ocrx_word' id='word_1_136' title='bbox 584 1731 622 1774; x_wconf 86' lang='lat' dir='ltr'>aa</span> <span class='ocrx_word' id='word_1_137' title='bbox 641 1710 776 1774; x_wconf 80' lang='lat' dir='ltr'>suminis</span> <span class='ocrx_word' id='word_1_138' title='bbox 794 1709 882 1774; x_wconf 85' lang='lat' dir='ltr'>villis</span> <span class='ocrx_word' id='word_1_139' title='bbox 901 1709 957 1794; x_wconf 92' lang='lat' dir='ltr'>qui</span> <span class='ocrx_word' id='word_1_140' title='bbox 970 1710 1094 1774; x_wconf 87' lang='lat' dir='ltr'>habent</span> 
     </span>
     <span class='ocr_line' id='line_1_19' title="bbox 78 1797 1093 1883; baseline -0.001 -20"><span class='ocrx_word' id='word_1_141' title='bbox 78 1801 225 1883; x_wconf 83' lang='lat' dir='ltr'>agrestas</span> <span class='ocrx_word' id='word_1_142' title='bbox 244 1797 420 1879; x_wconf 66' lang='lat' dir='ltr'>columbas</span> <span class='ocrx_word' id='word_1_143' title='bbox 440 1799 544 1881; x_wconf 91' lang='lat' dir='ltr'>quaad</span> <span class='ocrx_word' id='word_1_144' title='bbox 563 1803 710 1883; x_wconf 88' lang='lat' dir='ltr'>possunt,</span> <span class='ocrx_word' id='word_1_145' title='bbox 728 1799 929 1863; x_wconf 89' lang='lat' dir='ltr'>imitandum.</span> <span class='ocrx_word' id='word_1_146' title='bbox 957 1799 991 1863; x_wconf 93' lang='lat' dir='ltr'>in</span> <span class='ocrx_word' id='word_1_147' title='bbox 1010 1799 1093 1882; x_wconf 89' lang='lat' dir='ltr'>peri-</span> 
     </span>
     <span class='ocr_line' id='line_1_20' title="bbox 79 1887 1094 1971; baseline -0.001 -19"><span class='ocrx_word' id='word_1_148' title='bbox 79 1892 229 1959; x_wconf 87' lang='lat' dir='ltr'>steronas</span> <span class='ocrx_word' id='word_1_149' title='bbox 257 1889 364 1951; x_wconf 87' lang='lat' dir='ltr'>aetate</span> <span class='ocrx_word' id='word_1_150' title='bbox 393 1887 480 1951; x_wconf 91' lang='lat' dir='ltr'>bona</span> <span class='ocrx_word' id='word_1_151' title='bbox 512 1888 693 1970; x_wconf 89' lang='lat' dir='ltr'>parandum</span> <span class='ocrx_word' id='word_1_152' title='bbox 724 1909 827 1970; x_wconf 87' lang='lat' dir='ltr'>neque</span> <span class='ocrx_word' id='word_1_153' title='bbox 854 1887 962 1971; x_wconf 87' lang='lat' dir='ltr'>pullos</span> <span class='ocrx_word' id='word_1_154' title='bbox 990 1908 1094 1970; x_wconf 86' lang='lat' dir='ltr'>neque</span> 
     </span>
     <span class='ocr_line' id='line_1_21' title="bbox 58 1975 1147 2059; baseline 0.001 -19"><span class='ocrx_word' id='word_1_155' title='bbox 58 1975 216 2058; x_wconf 63' lang='lat' dir='ltr'>»vetulas</span> <span class='ocrx_word' id='word_1_156' title='bbox 238 1975 375 2040; x_wconf 88' lang='lat' dir='ltr'>totidem</span> <span class='ocrx_word' id='word_1_157' title='bbox 398 1997 503 2039; x_wconf 89' lang='lat' dir='ltr'>mares</span> <span class='ocrx_word' id='word_1_158' title='bbox 528 1979 607 2059; x_wconf 89' lang='lat' dir='ltr'>quot</span> <span class='ocrx_word' id='word_1_159' title='bbox 628 1976 776 2040; x_wconf 87' lang='lat' dir='ltr'>feminas.</span> <span class='ocrx_word' id='word_1_160' title='bbox 822 1975 905 2038; x_wconf 92' lang='lat' dir='ltr'>nihil</span> <span class='ocrx_word' id='word_1_161' title='bbox 936 1975 1095 2039; x_wconf 86' lang='lat' dir='ltr'>columbis</span> <span class='ocrx_word' id='word_1_162' title='bbox 1129 1985 1147 2041; x_wconf 82' lang='lat'>9</span> 
     </span>
     <span class='ocr_line' id='line_1_22' title="bbox 77 2062 1096 2148; baseline -0.001 -21"><span class='ocrx_word' id='word_1_163' title='bbox 77 2063 257 2130; x_wconf 88' lang='lat' dir='ltr'>fecundius.</span> <span class='ocrx_word' id='word_1_164' title='bbox 284 2064 394 2148; x_wconf 89' lang='lat' dir='ltr'>itaque</span> <span class='ocrx_word' id='word_1_165' title='bbox 414 2063 527 2128; x_wconf 88' lang='lat' dir='ltr'>diebus</span> <span class='ocrx_word' id='word_1_166' title='bbox 547 2064 763 2147; x_wconf 85' lang='lat' dir='ltr'>quadragenis</span> <span class='ocrx_word' id='word_1_167' title='bbox 787 2062 930 2145; x_wconf 90' lang='lat' dir='ltr'>concipit</span> <span class='ocrx_word' id='word_1_168' title='bbox 953 2066 986 2126; x_wconf 91' lang='lat' dir='ltr'>et</span> <span class='ocrx_word' id='word_1_169' title='bbox 1008 2063 1096 2145; x_wconf 88' lang='lat' dir='ltr'>parit</span> 
     </span>
     <span class='ocr_line' id='line_1_23' title="bbox 78 2150 1096 2230; baseline -0.002 -14"><span class='ocrx_word' id='word_1_170' title='bbox 78 2158 113 2217; x_wconf 85' lang='lat' dir='ltr'>et</span> <span class='ocrx_word' id='word_1_171' title='bbox 136 2152 270 2216; x_wconf 90' lang='lat' dir='ltr'>incubat</span> <span class='ocrx_word' id='word_1_172' title='bbox 297 2155 330 2216; x_wconf 92' lang='lat' dir='ltr'>et</span> <span class='ocrx_word' id='word_1_173' title='bbox 357 2151 481 2217; x_wconf 87' lang='lat' dir='ltr'>educat.</span> <span class='ocrx_word' id='word_1_174' title='bbox 527 2154 560 2215; x_wconf 92' lang='lat' dir='ltr'>et</span> <span class='ocrx_word' id='word_1_175' title='bbox 586 2152 648 2216; x_wconf 90' lang='lat' dir='ltr'>hoc</span> <span class='ocrx_word' id='word_1_176' title='bbox 675 2151 743 2215; x_wconf 85' lang='lat' dir='ltr'>fere</span> <span class='ocrx_word' id='word_1_177' title='bbox 770 2154 877 2230; x_wconf 86' lang='lat' dir='ltr'>totum</span> <span class='ocrx_word' id='word_1_178' title='bbox 906 2172 1026 2215; x_wconf 88' lang='lat' dir='ltr'>annum</span> <span class='ocrx_word' id='word_1_179' title='bbox 1049 2150 1096 2215; x_wconf 86' lang='lat' dir='ltr'>fa-</span> 
     </span>
     <span class='ocr_line' id='line_1_24' title="bbox 79 2237 1094 2306; baseline -0.002 -1"><span class='ocrx_word' id='word_1_180' title='bbox 79 2242 183 2306; x_wconf 74' lang='lat' dir='ltr'>ciuntt</span> <span class='ocrx_word' id='word_1_181' title='bbox 221 2240 446 2305; x_wconf 89' lang='lat' dir='ltr'>tantummodo</span> <span class='ocrx_word' id='word_1_182' title='bbox 474 2239 682 2304; x_wconf 83' lang='lat' dir='ltr'>intervallum</span> <span class='ocrx_word' id='word_1_183' title='bbox 709 2237 834 2303; x_wconf 89' lang='lat' dir='ltr'>faciunt</span> <span class='ocrx_word' id='word_1_184' title='bbox 861 2261 881 2303; x_wconf 89' lang='lat' dir='ltr'>a</span> <span class='ocrx_word' id='word_1_185' title='bbox 911 2240 1027 2304; x_wconf 87' lang='lat' dir='ltr'>bruma</span> <span class='ocrx_word' id='word_1_186' title='bbox 1055 2240 1094 2304; x_wconf 90' lang='lat' dir='ltr'>ad</span> 
     </span>
     <span class='ocr_line' id='line_1_25' title="bbox 80 2327 1143 2413; baseline -0.004 -19"><span class='ocrx_word' id='word_1_187' title='bbox 80 2329 324 2413; x_wconf 88' lang='lat' dir='ltr'>aequinoctium</span> <span class='ocrx_word' id='word_1_188' title='bbox 354 2350 496 2394; x_wconf 87' lang='lat' dir='ltr'>vernum.</span> <span class='ocrx_word' id='word_1_189' title='bbox 547 2328 629 2412; x_wconf 92' lang='lat' dir='ltr'>pulli</span> <span class='ocrx_word' id='word_1_190' title='bbox 656 2330 835 2392; x_wconf 89' lang='lat' dir='ltr'>nascuntur</span> <span class='ocrx_word' id='word_1_191' title='bbox 861 2327 943 2410; x_wconf 92' lang='lat' dir='ltr'>bini,</span> <span class='ocrx_word' id='word_1_192' title='bbox 974 2328 1029 2410; x_wconf 93' lang='lat' dir='ltr'>qui</span> <span class='ocrx_word' id='word_1_193' title='bbox 1053 2327 1095 2390; x_wconf 93' lang='lat' dir='ltr'>si·</span> <span class='ocrx_word' id='word_1_194' title='bbox 1128 2380 1143 2411; x_wconf 74' lang='lat'>,</span> 
     </span>
     <span class='ocr_line' id='line_1_26' title="bbox 58 2415 1095 2499; baseline -0.005 -16"><span class='ocrx_word' id='word_1_195' title='bbox 58 2418 188 2483; x_wconf 75' lang='lat' dir='ltr'>amulae</span> <span class='ocrx_word' id='word_1_196' title='bbox 202 2420 374 2482; x_wconf 87' lang='lat' dir='ltr'>creverunt</span> <span class='ocrx_word' id='word_1_197' title='bbox 388 2421 420 2481; x_wconf 90' lang='lat' dir='ltr'>et</span> <span class='ocrx_word' id='word_1_198' title='bbox 432 2417 555 2481; x_wconf 90' lang='lat' dir='ltr'>habent</span> <span class='ocrx_word' id='word_1_199' title='bbox 568 2417 675 2499; x_wconf 88' lang='lat' dir='ltr'>robor,</span> <span class='ocrx_word' id='word_1_200' title='bbox 695 2437 766 2479; x_wconf 88' lang='lat' dir='ltr'>cum</span> <span class='ocrx_word' id='word_1_201' title='bbox 782 2416 942 2479; x_wconf 88' lang='lat' dir='ltr'>matribus</span> <span class='ocrx_word' id='word_1_202' title='bbox 956 2415 1095 2498; x_wconf 89' lang='lat' dir='ltr'>pariunt.</span> 
     </span>
     <span class='ocr_line' id='line_1_27' title="bbox 82 2503 1096 2590; baseline -0.003 -21"><span class='ocrx_word' id='word_1_203' title='bbox 82 2506 138 2590; x_wconf 88' lang='lat' dir='ltr'>qui</span> <span class='ocrx_word' id='word_1_204' title='bbox 161 2507 267 2571; x_wconf 89' lang='lat' dir='ltr'>solent</span> <span class='ocrx_word' id='word_1_205' title='bbox 290 2505 439 2590; x_wconf 82' lang='lat' dir='ltr'>saginare</span> <span class='ocrx_word' id='word_1_206' title='bbox 460 2506 566 2588; x_wconf 90' lang='lat' dir='ltr'>pullos</span> <span class='ocrx_word' id='word_1_207' title='bbox 586 2505 797 2588; x_wconf 87' lang='lat' dir='ltr'>columbinos,</span> <span class='ocrx_word' id='word_1_208' title='bbox 820 2526 883 2588; x_wconf 90' lang='lat' dir='ltr'>qno</span> <span class='ocrx_word' id='word_1_209' title='bbox 902 2503 1004 2586; x_wconf 87' lang='lat' dir='ltr'>pluris</span> <span class='ocrx_word' id='word_1_210' title='bbox 1022 2525 1096 2567; x_wconf 90' lang='lat' dir='ltr'>ven-</span> 
     </span>
     <span class='ocr_line' id='line_1_28' title="bbox 81 2591 1096 2677; baseline -0.003 -19"><span class='ocrx_word' id='word_1_211' title='bbox 81 2595 171 2677; x_wconf 90' lang='lat' dir='ltr'>dant,</span> <span class='ocrx_word' id='word_1_212' title='bbox 195 2594 364 2659; x_wconf 87' lang='lat' dir='ltr'>sccludunt</span> <span class='ocrx_word' id='word_1_213' title='bbox 382 2616 447 2677; x_wconf 89' lang='lat' dir='ltr'>eos,</span> <span class='ocrx_word' id='word_1_214' title='bbox 467 2615 539 2658; x_wconf 87' lang='lat' dir='ltr'>oum</span> <span class='ocrx_word' id='word_1_215' title='bbox 558 2596 624 2658; x_wconf 89' lang='lat' dir='ltr'>iam</span> <span class='ocrx_word' id='word_1_216' title='bbox 643 2594 755 2677; x_wconf 88' lang='lat' dir='ltr'>pluma</span> <span class='ocrx_word' id='word_1_217' title='bbox 774 2597 850 2657; x_wconf 88' lang='lat' dir='ltr'>sunt</span> <span class='ocrx_word' id='word_1_218' title='bbox 868 2593 954 2656; x_wconf 89' lang='lat' dir='ltr'>tecti.</span> <span class='ocrx_word' id='word_1_219' title='bbox 981 2591 1096 2657; x_wconf 88' lang='lat' dir='ltr'>deinde</span> 
     </span>
     <span class='ocr_line' id='line_1_29' title="bbox 80 2681 1096 2766; baseline -0.004 -18"><span class='ocrx_word' id='word_1_220' title='bbox 80 2682 277 2748; x_wconf 90' lang='lat' dir='ltr'>manducato</span> <span class='ocrx_word' id='word_1_221' title='bbox 301 2683 438 2748; x_wconf 87' lang='lat' dir='ltr'>candido</span> <span class='ocrx_word' id='word_1_222' title='bbox 462 2682 604 2747; x_wconf 87' lang='lat' dir='ltr'>farciunt</span> <span class='ocrx_word' id='word_1_223' title='bbox 626 2704 722 2766; x_wconf 88' lang='lat' dir='ltr'>pane:</span> <span class='ocrx_word' id='word_1_224' title='bbox 747 2681 853 2746; x_wconf 84' lang='lat' dir='ltr'>hieme</span> <span class='ocrx_word' id='word_1_225' title='bbox 875 2682 938 2746; x_wconf 90' lang='lat' dir='ltr'>hoo</span> <span class='ocrx_word' id='word_1_226' title='bbox 962 2681 1022 2763; x_wconf 87' lang='lat' dir='ltr'>bis,</span> <span class='ocrx_word' id='word_1_227' title='bbox 1046 2702 1096 2745; x_wconf 89' lang='lat' dir='ltr'>ae·</span> 
     </span>
     <span class='ocr_line' id='line_1_30' title="bbox 82 2770 1150 2856; baseline 0 -21"><span class='ocrx_word' id='word_1_228' title='bbox 82 2775 168 2835; x_wconf 88' lang='lat' dir='ltr'>state</span> <span class='ocrx_word' id='word_1_229' title='bbox 190 2774 250 2856; x_wconf 87' lang='lat' dir='ltr'>ter,</span> <span class='ocrx_word' id='word_1_230' title='bbox 273 2793 367 2835; x_wconf 89' lang='lat' dir='ltr'>mane</span> <span class='ocrx_word' id='word_1_231' title='bbox 389 2770 522 2835; x_wconf 88' lang='lat' dir='ltr'>meridie</span> <span class='ocrx_word' id='word_1_232' title='bbox 545 2772 684 2855; x_wconf 85' lang='lat' dir='ltr'>vesperi:</span> <span class='ocrx_word' id='word_1_233' title='bbox 707 2771 812 2835; x_wconf 89' lang='lat' dir='ltr'>hieme</span> <span class='ocrx_word' id='word_1_234' title='bbox 835 2770 968 2834; x_wconf 88' lang='lat' dir='ltr'>demunt</span> <span class='ocrx_word' id='word_1_235' title='bbox 988 2771 1096 2834; x_wconf 92' lang='lat' dir='ltr'>cibum</span> <span class='ocrx_word' id='word_1_236' title='bbox 1108 2776 1150 2835; x_wconf 91' lang='lat'>10</span> 
     </span>
     <span class='ocr_line' id='line_1_31' title="bbox 58 2859 1110 2944; baseline -0.003 -20"><span class='ocrx_word' id='word_1_237' title='bbox 58 2859 234 2925; x_wconf 74' lang='lat' dir='ltr'>rmedium.</span> <span class='ocrx_word' id='word_1_238' title='bbox 280 2861 335 2943; x_wconf 92' lang='lat' dir='ltr'>qni</span> <span class='ocrx_word' id='word_1_239' title='bbox 363 2860 428 2924; x_wconf 89' lang='lat' dir='ltr'>iam</span> <span class='ocrx_word' id='word_1_240' title='bbox 455 2861 572 2942; x_wconf 88' lang='lat' dir='ltr'>pinnas</span> <span class='ocrx_word' id='word_1_241' title='bbox 600 2860 761 2944; x_wconf 92' lang='lat' dir='ltr'>incipiunt</span> <span class='ocrx_word' id='word_1_242' title='bbox 782 2859 914 2941; x_wconf 89' lang='lat' dir='ltr'>habere,</span> <span class='ocrx_word' id='word_1_243' title='bbox 937 2859 1110 2924; x_wconf 82' lang='lat' dir='ltr'>relincunt</span> 
     </span>
     <span class='ocr_line' id='line_1_32' title="bbox 81 2947 1097 3032; baseline -0.001 -21"><span class='ocrx_word' id='word_1_244' title='bbox 81 2948 117 3013; x_wconf 92' lang='lat' dir='ltr'>in</span> <span class='ocrx_word' id='word_1_245' title='bbox 147 2947 223 3013; x_wconf 90' lang='lat' dir='ltr'>nido</span> <span class='ocrx_word' id='word_1_246' title='bbox 255 2948 360 3013; x_wconf 89' lang='lat' dir='ltr'>inlisis</span> <span class='ocrx_word' id='word_1_247' title='bbox 385 2949 531 3012; x_wconf 85' lang='lat' dir='ltr'>cruribus</span> <span class='ocrx_word' id='word_1_248' title='bbox 544 2952 588 3021; x_wconf 72' lang='lat' dir='ltr'>,et</span> <span class='ocrx_word' id='word_1_249' title='bbox 610 2949 787 3032; x_wconf 88' lang='lat' dir='ltr'>matribus,</span> <span class='ocrx_word' id='word_1_250' title='bbox 810 2948 941 3013; x_wconf 89' lang='lat' dir='ltr'>uberius</span> <span class='ocrx_word' id='word_1_251' title='bbox 964 2954 1001 3011; x_wconf 90' lang='lat' dir='ltr'>ut</span> <span class='ocrx_word' id='word_1_252' title='bbox 1024 2948 1097 3011; x_wconf 91' lang='lat' dir='ltr'>cibo</span> 
     </span>
     <span class='ocr_line' id='line_1_33' title="bbox 82 3036 1096 3122; baseline -0.003 -21"><span class='ocrx_word' id='word_1_253' title='bbox 82 3037 134 3101; x_wconf 92' lang='lat' dir='ltr'>uti</span> <span class='ocrx_word' id='word_1_254' title='bbox 151 3037 288 3122; x_wconf 88' lang='lat' dir='ltr'>possint,</span> <span class='ocrx_word' id='word_1_255' title='bbox 307 3037 459 3102; x_wconf 89' lang='lat' dir='ltr'>obiciunt.</span> <span class='ocrx_word' id='word_1_256' title='bbox 493 3057 531 3101; x_wconf 91' lang='lat' dir='ltr'>eo</span> <span class='ocrx_word' id='word_1_257' title='bbox 551 3037 637 3100; x_wconf 88' lang='lat' dir='ltr'>enim</span> <span class='ocrx_word' id='word_1_258' title='bbox 655 3040 760 3100; x_wconf 89' lang='lat' dir='ltr'>totum</span> <span class='ocrx_word' id='word_1_259' title='bbox 780 3037 873 3100; x_wconf 83' lang='lat' dir='ltr'>diem·</span> <span class='ocrx_word' id='word_1_260' title='bbox 885 3058 919 3100; x_wconf 88' lang='lat' dir='ltr'>se</span> <span class='ocrx_word' id='word_1_261' title='bbox 938 3039 971 3098; x_wconf 90' lang='lat' dir='ltr'>et</span> <span class='ocrx_word' id='word_1_262' title='bbox 988 3036 1096 3117; x_wconf 88' lang='lat' dir='ltr'>pullos</span> 
     </span>
    </p>
   </div>
   <div class='ocr_carea' id='block_1_3' title="bbox 82 3241 1097 3388">
    <p class='ocr_par' dir='ltr' id='par_1_3' title="bbox 82 3241 1097 3388">
     <span class='ocr_line' id='line_1_34' title="bbox 175 3241 1097 3316; baseline -0.002 -17"><span class='ocrx_word' id='word_1_263' title='bbox 175 3246 350 3314; x_wconf 87' lang='lat' dir='ltr'>lparistone</span> <span class='ocrx_word' id='word_1_264' title='bbox 365 3245 547 3316; x_wconf 81' lang='lat' dir='ltr'>(peristereos</span> <span class='ocrx_word' id='word_1_265' title='bbox 565 3244 605 3312; x_wconf 81' lang='lat' dir='ltr'>V)</span> <span class='ocrx_word' id='word_1_266' title='bbox 642 3258 759 3298; x_wconf 85' lang='lat' dir='ltr'>euocare</span> <span class='ocrx_word' id='word_1_267' title='bbox 796 3241 919 3309; x_wconf 84' lang='lat' dir='ltr'>acquod</span> <span class='ocrx_word' id='word_1_268' title='bbox 956 3247 989 3296; x_wconf 80' lang='lat'>28</span> <span class='ocrx_word' id='word_1_269' title='bbox 1004 3242 1097 3298; x_wconf 90' lang='lat' dir='ltr'>hieme</span> 
     </span>
     <span class='ocr_line' id='line_1_35' title="bbox 82 3311 1096 3388; baseline -0.004 -18"><span class='ocrx_word' id='word_1_270' title='bbox 82 3315 178 3371; x_wconf 89' lang='lat' dir='ltr'>hieme</span> <span class='ocrx_word' id='word_1_271' title='bbox 196 3315 250 3372; x_wconf 87' lang='lat' dir='ltr'>hoa</span> <span class='ocrx_word' id='word_1_272' title='bbox 269 3317 312 3372; x_wconf 87' lang='lat' dir='ltr'>bia</span> <span class='ocrx_word' id='word_1_273' title='bbox 332 3318 443 3388; x_wconf 83' lang='lat' dir='ltr'>(hyeme</span> <span class='ocrx_word' id='word_1_274' title='bbox 461 3316 515 3371; x_wconf 89' lang='lat' dir='ltr'>hoo</span> <span class='ocrx_word' id='word_1_275' title='bbox 533 3313 578 3377; x_wconf 89' lang='lat' dir='ltr'>bis</span> <span class='ocrx_word' id='word_1_276' title='bbox 602 3314 642 3384; x_wconf 85' lang='lat' dir='ltr'>V)</span> <span class='ocrx_word' id='word_1_277' title='bbox 714 3318 748 3368; x_wconf 77' lang='lat'>32</span> <span class='ocrx_word' id='word_1_278' title='bbox 773 3312 893 3382; x_wconf 87' lang='lat' dir='ltr'>possunt</span> <span class='ocrx_word' id='word_1_279' title='bbox 915 3311 1035 3383; x_wconf 88' lang='lat' dir='ltr'>(possint</span> <span class='ocrx_word' id='word_1_280' title='bbox 1056 3312 1096 3382; x_wconf 90' lang='lat' dir='ltr'>V)</span> 
     </span>
    </p>
   </div>
   <div class='ocr_carea' id='block_1_4' title="bbox 176 3466 1032 3562">
    <p class='ocr_par' dir='ltr' id='par_1_4' title="bbox 176 3466 1032 3562">
     <span class='ocr_line' id='line_1_36' title="bbox 176 3466 1032 3562; baseline -0.001 -15"><span class='ocrx_word' id='word_1_281' title='bbox 176 3499 190 3547; x_wconf 90' lang='lat'>1</span> <span class='ocrx_word' id='word_1_282' title='bbox 210 3466 323 3549; x_wconf 79' lang='lat' dir='ltr'>auclara</span> <span class='ocrx_word' id='word_1_283' title='bbox 345 3493 464 3549; x_wconf 77' lang='lat' dir='ltr'>Ursinus</span> <span class='ocrx_word' id='word_1_284' title='bbox 534 3495 646 3562; x_wconf 89' lang='lat' dir='ltr'>matres,</span> <span class='ocrx_word' id='word_1_285' title='bbox 665 3490 872 3560; x_wconf 88' lang='lat' dir='ltr'>quodquidam</span> <span class='ocrx_word' id='word_1_286' title='bbox 890 3488 1032 3546; x_wconf 83' lang='lat' dir='ltr'>faciuntv</span> 
     </span>
    </p>
   </div>
   <div class='ocr_carea' id='block_1_5' title="bbox 0 0 1230 3938">
    <p class='ocr_par' dir='ltr' id='par_1_5' title="bbox 0 0 1230 3938">
     <span class='ocr_line' id='line_1_37' title="bbox 0 0 1230 3938; baseline 0 0"><span class='ocrx_word' id='word_1_287' title='bbox 0 0 1230 3938; x_wconf 95' lang='lat' dir='ltr'> </span> 
     </span>
    </p>
   </div>
  </div>
 </body>
</html>
