2452 3938
74 206 114 261 IV
468 205 672 260 PRAEFATIO

77 351 249 416 emendata
271 351 304 415 in
329 350 504 415 editionem
531 351 639 435 recepi
667 372 739 415 cum
766 352 952 416 nominibus
979 373 1092 415 eorum
1130 398 1132 419 .

76 439 194 523 quibus
219 439 403 504 emendatio
428 440 561 503 debetur
585 439 709 522 scripsi.
760 460 847 504 nunc
871 440 964 503 etde
988 440 1091 522 libris,
1130 462 1132 493 ι

76 529 193 611 quibus
230 528 270 592 ad
303 528 496 612 scripturam
530 527 699 610 archetypi
726 528 978 611 recuperandam
1011 551 1090 592 usus
1124 574 1132 591 -,

77 639 164 698 sum,
197 622 230 680 et
257 617 296 681 de
325 617 603 681 emendationibus
635 637 715 700 quas
744 617 850 699 recepi
882 638 1026 700 eaquae
1050 618 1091 681 ad
1130 664 1132 685 2

75 727 169 770 nsum
188 706 367 790 legentium
387 727 466 788 opus
487 727 558 769 esse
577 705 647 769 visa
666 709 743 768 suut
760 705 903 770 breviter
922 727 1091 787 exponam.
1125 718 1132 777 t

75 815 151 858 nam
180 793 219 856 de
247 794 409 877 plerisque
437 816 519 877 qnae
547 792 610 858 hnc
637 794 801 877 pertinent
831 795 865 857 in
889 794 1092 876 praefatione
1110 782 1132 858 ,ε

75 881 194 966 prioris
218 883 369 947 editionis
393 883 574 946 accuratius
597 881 719 946 dictum
744 887 819 946 est·
1130 944 1132 949 ,

165 970 343 1055 Archetypi
380 971 482 1055 igitur
515 970 676 1054 scriptura
709 971 828 1053 partim
861 993 899 1034 ex
932 971 973 1034 iis
1007 992 1090 1054 quae

76 1060 259 1125 Politianus
295 1065 329 1123 et
355 1058 520 1124 Victorius
554 1081 593 1122 ex
627 1060 699 1141 ipso
733 1059 817 1123 libro
851 1059 1092 1124 adnotaverunt

76 1150 127 1212 vel
150 1151 350 1232 receperunt,
379 1147 499 1231 partim
524 1170 562 1211 ex
585 1147 784 1233 apographis
814 1169 896 1230 quae
925 1169 1010 1212 nunc
1042 1171 1091 1212 su·

75 1242 213 1320 persunt
235 1235 374 1319 petenda
396 1237 468 1300 fnit.

66 1348 69 1353 ’
164 1325 355 1390 Politiani
383 1328 567 1407 excerpta
594 1324 748 1408 leguntur
773 1324 808 1388 in
832 1325 979 1408 exemplo
1004 1327 1092 1408 prin·

75 1414 156 1498 cipis
175 1414 326 1480 editionis
346 1415 541 1496 scriptorum
560 1412 607 1477 rei
625 1413 767 1479 rusticae
787 1436 814 1480 a.
837 1415 922 1478 1472
941 1413 1092 1479 Venetiis

76 1503 161 1586 apud
193 1502 365 1568 Nicolaum
392 1502 567 1567 Iensonum
596 1502 789 1585 impressae,
821 1502 906 1586 quod
939 1524 1027 1567 nunc
1056 1504 1092 1566 in

74 1593 205 1676 publica
242 1592 442 1656 bibliotheca
475 1590 623 1653 Parisina
656 1597 810 1654 servatur.
864 1591 898 1654 in
932 1611 970 1654 eo
1004 1591 1090 1656 enim

75 1702 175 1744 manu
202 1680 359 1744 Politiani
387 1701 415 1742 a.
445 1679 530 1743 1482
559 1679 737 1761 scripturae
766 1678 898 1762 codicis,
927 1680 981 1762 qui
1010 1683 1091 1745 tunc

76 1766 261 1832 Florentiae
285 1768 319 1831 in
342 1766 542 1831 bibliotheca
565 1764 596 1830 S.
616 1765 719 1830 Marci
743 1772 821 1847 erat,
845 1767 893 1831 ita
917 1768 1090 1833 adnotatae

77 1862 167 1939 sunt,
189 1860 239 1940 ut,
263 1855 418 1939 quidquid
437 1854 537 1918 'aliter
560 1855 594 1917 in
616 1876 715 1918 manu
738 1856 859 1938 scripto
883 1857 968 1921 libro
993 1862 1089 1941 atque

75 1945 107 2007 in
146 1945 232 2009 edito
266 1944 413 2026 exemplo
446 1944 621 2027 legeretur,
656 1944 707 2007 vel
739 1943 773 2006 in
805 1945 1006 2029 marginibus
1038 1947 1089 2010 vel

75 2033 161 2097 inter
183 2055 296 2098 versus
321 2032 472 2096 editionis
497 2032 741 2096 adscriberetur.

164 2121 381 2203 Victorius,
409 2120 464 2205 qui
492 2121 560 2202 ipse
589 2141 715 2204 quoque
745 2121 886 2186 codicem
911 2127 990 2203 tum,
1012 2142 1086 2185 curn

75 2209 109 2273 in
139 2208 304 2274 Marciana
337 2209 535 2274 bibliotheca
570 2212 647 2289 erat,
680 2211 858 2293 usurpavit,
890 2209 1024 2276 Catonis
1055 2214 1088 2274 et

75 2296 235 2363 Varronis
258 2298 360 2362 libros
380 2298 418 2362 de
437 2320 472 2362 re
490 2297 612 2362 rustica
629 2320 696 2362 una
715 2321 787 2362 cum
807 2298 1088 2383 ‘explicationibus

76 2409 206 2452 suarum
235 2388 269 2452 in
293 2385 464 2471 Catonem,
493 2387 687 2469 Varronem,
716 2385 925 2451 Columellam
951 2388 1090 2472 castiga·

74 2475 213 2541 tionum'
233 2499 260 2542 a.
280 2477 365 2541 1541
385 2475 534 2560 Lugduni
554 2475 639 2558 apud
659 2474 884 2540 Sebastianum
904 2473 1089 2555 Gryphium

75 2565 183 2629 edidit.
213 2566 241 2628 is
261 2570 369 2628 autem
389 2586 453 2628 non
473 2566 578 2628 solum
598 2562 731 2628 Catonis
751 2569 784 2628 et
799 2561 955 2626 Varronis
975 2560 1088 2642 libros,

74 2653 132 2735 qui
158 2653 193 2715 in
222 2653 462 2736 antiquioribus
491 2652 685 2717 editionibus
714 2653 921 2717 vehementer
944 2652 1089 2733 corrupti

74 2740 276 2824 ferebantur,
308 2741 432 2825 primus
461 2763 501 2804 ex
527 2745 635 2805 vetere
664 2741 772 2805 codice
801 2739 1000 2820 emendarit,
1033 2740 1089 2803 sed

77 2831 175 2893 etiam
203 2831 237 2893 in
266 2829 535 2912 explicationibus
563 2829 719 2894 lectiones
747 2820 861 2894 manu'
876 2827 989 2911 scripti
1012 2827 1090 2891 libri

77 2940 172 3002 saepe
200 2918 368 3000 indicavit,
403 2918 569 2982 nonnullis
602 2918 683 2982 locis
716 2918 814 2981 etiam
842 2921 954 2982 notam
983 2916 1090 2979 mendi

75 3007 110 3070 in
128 3011 235 3071 vetere
256 3006 364 3071 codice
383 3007 565 3089 adpositam
586 3027 655 3070 esse
675 3006 852 3070 adnotavit.
883 3005 938 3069 sed
961 3008 1092 3086 praeter

76 3116 218 3180 eaquae
245 3095 279 3158 in
303 3094 566 3160 adnotationibus
587 3093 726 3158 Victorii
749 3116 766 3157 e
790 3094 897 3159 codice
926 3091 1090 3175 adscripta

77 3187 153 3249 sunt
185 3184 285 3248 etiam
316 3185 389 3268 ipsa
422 3183 519 3248 editio
553 3183 639 3246 haud
672 3181 939 3247 contemnendum
973 3182 1091 3245 veteris

77 3273 256 3356 scripturae
288 3272 513 3336 testimonium
542 3272 685 3354 praebet.
729 3292 805 3334 nam
832 3268 1026 3353 ubicumque
1057 3272 1091 3333 in

77 3382 150 3424 earn
181 3382 285 3427 novae
316 3361 471 3425 lectiones
500 3364 646 3443 receptae
679 3363 770 3435 sunt,
807 3378 888 3438 quae
919 3378 1024 3441 neque
1056 3359 1090 3421 in

77 3450 316 3533 exemplaribus
353 3453 450 3512 antea
480 3449 576 3512 editis
608 3449 769 3511 habentur
804 3466 909 3530 neque
945 3468 999 3510 eas
1033 3469 1091 3510 sua

74 3538 262 3602 coniectura
283 3539 434 3602 inventas
453 3557 526 3615 esse
544 3537 649 3600 editor
668 3534 845 3618 adnotavit,
868 3534 927 3599 has
948 3556 964 3598 e
984 3536 1091 3600 codice
