2452 3938
107 109 170 174 122
518 108 705 166 VARRONIS

103 253 240 319 Graecia
261 254 348 319 intra
370 254 461 318 mille
484 276 643 320 annorum
667 258 826 340 repertae,
848 255 923 342 agri
943 277 1121 339 numquam

102 364 169 407 non
191 343 313 407 fuerint
340 343 375 406 in
402 342 498 408 terris
528 345 585 427 qui
615 344 680 410 ooli
702 345 840 428 possint.
885 365 990 428 neque
1014 344 1122 408 solum

103 432 268 516 antiquior
290 432 417 496 cultura
440 433 520 517 agri,
550 433 606 497 sed
629 434 728 498 etiam
751 432 876 498 melior.
920 434 1032 518 itaque
1055 454 1123 500 non

104 520 172 584 sine
196 542 294 585 causa
317 521 455 586 maiores
476 522 582 586 nostri
602 544 641 586 ex
658 523 739 586 urbe
757 522 792 586 in
811 541 909 606 agros
929 521 1122 606 redigebant

104 629 179 673 suos
217 610 320 688 cives,
361 609 448 692 quod
484 613 518 674 ct
553 611 588 674 in
624 631 704 693 pace
741 631 761 673 a
797 609 929 675 rusticis
961 609 1155 674 Romaniss

71 697 275 762 5alebantur
307 701 341 762 ct
371 697 406 762 in
438 698 524 763 bello
554 699 594 763 ab
622 698 675 762 his
703 698 911 763 ducebantur.
962 719 1022 763 nec
1051 698 1123 763 sinc

105 806 203 850 causa
224 789 344 851 terram
366 787 502 851 eandem
521 787 733 871 appellabant
750 791 889 852 matrem
909 789 942 851 et
961 784 1123 870 Cererem,

104 876 136 937 et
160 876 216 958 qui
238 897 311 943 00111
334 876 485 954 colerent,
507 876 596 959 piam
621 879 653 940 01
676 876 790 941 utilem
814 895 910 960 agere
931 875 1035 940 vitam
1055 897 1123 940 cre-

104 961 226 1028 debant
249 968 346 1047 atque
370 985 425 1028 cos
450 964 538 1028 solos
556 964 699 1049 reliquos
719 985 789 1028 esse
808 986 847 1028 ex
866 964 968 1047 stirpe
988 961 1123 1028 Saturni

103 1051 199 1134 regis.
250 1052 302 1116 cui
334 1056 589 1117 consentaneum
621 1057 687 1135 est,
719 1053 805 1137 quod
837 1051 932 1116 initia
965 1056 1123 1117 vocantur
1135 1075 1157 1114 10

71 1139 311 1222 tpotissimum
343 1162 381 1205 ea
414 1163 496 1224 quae
529 1139 638 1206 Oercri
667 1142 750 1205 fiunt
781 1163 881 1207 sacra.
927 1162 988 1206 nec
1016 1141 1123 1206 minus

104 1227 216 1311 oppidi
235 1250 362 1313 quoque
380 1251 499 1295 nomen
519 1230 651 1294 Thebae
669 1229 794 1294 indicat
813 1230 1033 1312 antiquiorem
1053 1251 1124 1294 esse

104 1336 229 1400 agrum,
253 1318 340 1402 quod
363 1319 403 1384 ab
428 1320 500 1405 agri
524 1340 650 1405 genere,
679 1340 747 1384 non
769 1341 789 1382 a
812 1318 980 1382 conditore
1003 1339 1124 1382 nomen

105 1405 133 1468 ei
161 1410 212 1471 est
241 1406 431 1492 inpositum.
476 1430 552 1472 nam
579 1408 693 1492 lingua
719 1407 828 1489 prisca
861 1410 894 1470 et
923 1408 959 1471 in
987 1406 1124 1471 Graecia

103 1493 215 1560 Aeolis
238 1496 356 1562 Boeoti
384 1498 453 1561 sine
481 1496 600 1562 adflatu
629 1499 747 1560 vocant
774 1496 865 1560 collis
893 1497 1001 1578 tebas,
1033 1498 1069 1559 et
1091 1496 1157 1559 inu

105 1580 251 1671 Sabinis,
279 1608 342 1670 quo
367 1607 384 1649 0
407 1585 542 1650 Graecia
564 1588 721 1652 venerunt
743 1583 883 1669 Pelasgi,
911 1585 1012 1648 ctiam
1035 1605 1124 1648 nunc

104 1670 152 1735 ita
176 1673 298 1755 dicunt,
322 1674 412 1738 cuius
436 1674 610 1758 vestigium
629 1674 662 1737 in
682 1693 761 1757 agro
781 1670 902 1737 Sabino
922 1673 976 1737 via
996 1670 1125 1737 Salaria

104 1781 172 1824 nou
200 1761 297 1846 longe
325 1784 345 1826 a
371 1760 487 1844 Reate,
517 1762 677 1826 miliarius
705 1762 809 1826 clivus
837 1782 910 1824 cum
939 1762 1125 1844 appellatur

74 1849 209 1915 ltebae.
246 1851 319 1936 agri
343 1851 504 1914 culturam
527 1850 634 1933 primo
653 1853 788 1934 propter
806 1852 1035 1935 paupertatem
1056 1872 1124 1914 ma-

104 1937 192 2004 xime
223 1939 432 2004 indiscretam
463 1938 646 2016 habebant,
678 1939 762 2022 quod
795 1961 815 2002 a
846 1939 1035 2023 pastoribus
1070 1940 1124 2023 qui
1135 1958 1157 1997 1ο

106 2031 200 2092 erant
226 2028 291 2092 orti
318 2028 352 2091 in
379 2027 493 2093 codem
521 2048 600 2112 agro
629 2030 663 2091 et
689 2027 842 2091 serebant
870 2030 903 2091 ct
932 2027 1123 2110 pascebant:

107 2137 188 2198 quae
216 2121 330 2199 postea
359 2120 530 2181 creverunt
556 2115 693 2201 pecunia
720 2115 909 2199 diviserunt,
939 2137 978 2197 aq
999 2116 1124 2180 factum

74 2205 143 2270 sur
165 2205 347 2270 dicerentur
375 2205 431 2268 alii
454 2205 633 2290 agricolae,
662 2203 718 2268 alii
740 2209 898 2288 pastores.
944 2226 1027 2288 quae
1052 2205 1125 2289 ipsa

105 2314 181 2376 pars
204 2294 323 2378 duplex
345 2298 405 2372 est,
427 2295 560 2358 tametsi
584 2293 624 2358 ab
647 2292 738 2358 nullo
762 2293 841 2357 satis
865 2293 1015 2377 discreta,
1038 2293 1125 2376 quod

106 2384 209 2448 altera
232 2387 281 2447 ost
303 2382 446 2447 villatica
467 2382 593 2465 pastio,
616 2382 719 2446 altera
743 2382 891 2465 agrestis.
936 2382 1017 2446 haec
1044 2385 1159 2446 notas

106 2474 139 2534 et
171 2471 299 2553 nobilis,
332 2471 417 2556 quod
449 2476 482 2535 et
513 2471 665 2555 pecuaria
692 2470 889 2554 appellatur,
922 2474 955 2534 et
982 2471 1124 2534 multum

105 2560 253 2625 homines
287 2560 468 2644 locupletes
501 2560 543 2624 ob
574 2581 646 2623 eam
678 2580 746 2622 rem
776 2561 833 2623 aut
861 2558 1038 2623 conductos
1069 2561 1125 2623 aut

107 2651 234 2732 emptos
262 2648 386 2711 habent
413 2649 529 2732 saltus3
557 2649 660 2711 altera
687 2646 846 2731 villatica,
876 2647 962 2730 quod
988 2647 1124 2712 humilis

25 2758 26 2763 ¹
106 2735 246 2818 videtur,
276 2757 295 2798 a
319 2736 513 2819 quibusdam
536 2736 662 2801 adiecta
685 2734 726 2799 ad
751 2735 1020 2820 agriculturam,
1050 2757 1124 2800 cum

107 2827 192 2888 00001
222 2823 342 2907 pastio,
374 2844 477 2907 neque
509 2825 671 2908 explicata
702 2827 773 2889 tota
806 2823 1000 2909 separatim,
1037 2823 1160 2908 quod-so

75 2913 222 2996 asciam,
250 2912 292 2977 ab
323 2912 399 2976 ullo.
444 2912 553 2998 itaque
577 2935 651 2978 cum
673 2916 823 2996 putarem
848 2935 918 2977 0000
940 2933 1051 2977 rerum
1074 2934 1125 2976 ru·

196 3128 213 3177 4
231 3122 260 3177 in
279 3122 354 3193 agris
410 3128 426 3177 6
445 3123 482 3178 ab
501 3121 545 3176 his
565 3122 665 3191 (abiis
685 3123 822 3178 00000110
840 3104 1012 3193 apoprapba)
1076 3123 1126 3176 du·

107 3194 254 3265 dabantur]
274 3195 423 3249 alebantur
499 3193 630 3263 aadque
708 3198 741 3248 12
765 3193 893 3248 indicant
966 3192 1125 3248 1011101100

108 3270 141 3319 18
160 3267 327 3333 1010110010
352 3266 390 3334 V)
432 3264 522 3319 cliuus
541 3265 700 3334 appellatur
717 3263 820 3320 thebae
840 3281 903 3320 oum
921 3262 1125 3334 agriculturam

197 3465 215 3514 4
232 3461 262 3514 in
280 3477 362 3531 agros
380 3476 397 3515 0
471 3464 503 3513 11
522 3457 631 3514 indicat
648 3476 696 3515 mo
