2452 3938
125 141 170 206 84
548 153 735 210 VARRONIS

126 287 198 352 sole
217 298 336 361 exorto
355 300 470 380 potum
488 298 685 384 propellunt,
703 303 741 364 ut
758 297 1019 382 redintegrantes
1037 319 1149 363 rursus

72 381 113 460 11
127 376 170 440 ad
184 384 321 461 pastum
335 385 512 451 alacriores
527 387 657 452 faciant.
677 388 804 453 circiter
817 387 1015 452 meridianos
1030 390 1149 471 aestus,

126 464 208 532 dum
235 469 482 558 defervescent,
520 477 580 540 sub
609 476 803 541 umbriferos
831 496 927 559 rupes
955 478 988 539 et
1015 475 1150 541 arbores

127 556 261 636 patulas
281 560 449 646 subigunt,
473 564 579 647 quaad
602 565 818 650 refrigeratur.
865 585 940 629 aare
962 564 1149 648 vespertino

126 662 243 709 rursus
270 654 412 729 pascunt
439 652 480 716 ad
509 654 588 718 solis
618 674 778 720 occasum.
823 653 871 716 ita
894 673 1028 736 pascere
1051 672 1183 738 pecuss

127 736 272 818 oportet,
294 739 333 801 ut
355 760 470 805 averso
491 743 559 806 sole
578 746 672 826 agat:
697 745 795 825 caput
813 740 901 807 enim
919 741 1062 805 maxima
1080 742 1150 807 ovis

127 819 231 884 molle
255 825 315 888 est.
362 827 404 891 ab
429 850 545 895 occasu
569 853 670 915 parvo
693 829 867 896 intervallo
889 829 1086 913 interposito
1110 829 1164 895 adx

128 905 309 1012 bibendum
334 913 505 1000 adpellunt
527 923 561 984 et
578 941 689 984 rursus
707 922 856 1002 pascunt,
879 915 985 1002 quaad
1003 921 1150 983 contens

129 994 255 1065 bravut:
277 1001 399 1070 iterum
422 1008 508 1071 enim
532 1012 603 1072 tum
625 1007 809 1073 iucunditas
832 1007 867 1071 in
890 1007 992 1071 herba
1010 1006 1150 1072 redinte-

131 1085 253 1169 grabit.
298 1091 380 1159 haec
409 1118 429 1160 a
456 1097 664 1181 vergiliarum
695 1099 809 1160 exortu
839 1095 879 1161 ad
909 1095 1149 1180 aequinoctium
1162 1117 1183 1156 ιο

80 1178 325 1245 rsaummnale
348 1185 490 1250 maxime
513 1186 697 1250 observant.
735 1184 852 1270 quibus
875 1183 910 1248 in
930 1183 1009 1248 locis
1028 1205 1149 1249 messes

131 1267 211 1329 sunt
240 1267 362 1355 factae,
389 1272 512 1359 inigere
542 1277 592 1337 est
618 1273 697 1337 utile
721 1272 841 1355 duplici
864 1270 1038 1355 decenae,
1066 1271 1149 1356 quod

131 1355 319 1423 etcaduca
348 1361 439 1444 spica
467 1364 655 1427 saturantur
683 1364 716 1426 et
743 1360 872 1426 obtritis
901 1361 1090 1426 stramentis
1119 1365 1150 1425 et

130 1444 373 1514 stercoratione
396 1451 521 1516 faciunt
543 1451 578 1514 in
596 1471 717 1514 annum
737 1452 865 1534 segetes
884 1449 1046 1514 meliores.
1079 1449 1150 1513 reli-

129 1550 217 1615 quae
241 1539 410 1618 pastiones
428 1540 564 1604 hiberno
584 1559 622 1604 ac
640 1560 740 1603 verno
758 1541 905 1622 tempore
928 1537 991 1602 hoc
1009 1540 1149 1622 mutant,
1160 1558 1181 1598 a

132 1620 221 1704 quod
255 1627 372 1708 pruina
400 1628 467 1692 iam
494 1628 623 1695 exulata
651 1626 838 1710 propellunt
864 1626 899 1690 in
929 1625 1089 1711 pabulum
1119 1628 1151 1690 et

134 1717 275 1791 pascunt
293 1715 379 1780 diem
397 1720 502 1780 totum
521 1737 559 1781 ac
577 1714 756 1779 meridiano
775 1718 920 1799 tempore
939 1715 1039 1779 semel
1055 1734 1149 1799 agere

135 1801 251 1880 potum
276 1804 356 1869 satis
379 1803 509 1868 habent.

84 1892 123 1952 13
226 1888 319 1967 Quod
343 1893 383 1958 ad
406 1893 571 1976 pastiones
594 1891 721 1976 attinet,
743 1891 823 1956 haec
845 1891 913 1956 fere
935 1895 1026 1976 sunt3
1066 1890 1149 1976 quod

136 1976 177 2041 ad
200 1978 357 2066 feturam,
386 2003 469 2066 quae
496 1980 610 2045 dicam.
655 1982 786 2063 arietes,
814 1979 931 2065 quibus
962 1979 1007 2044 sis
1030 1999 1180 2045 usurusn

137 2064 180 2129 ad
206 2067 361 2149 feturam,
398 2070 544 2136 bimestri
570 2071 716 2152 tempore
747 2073 823 2133 anta
856 2068 1088 2133 secernendum
1119 2072 1151 2132 et

137 2152 261 2241 largius
284 2158 404 2243 pabulo
428 2157 630 2242 explendum.
672 2178 744 2222 cum
767 2156 934 2222 redierunt
955 2158 999 2221 ad
1023 2158 1151 2221 stabula

138 2262 156 2307 e
179 2251 286 2331 pastu,
308 2246 464 2313 hordeum
487 2246 516 2311 si
539 2249 589 2310 est
612 2245 734 2328 datum,
756 2245 916 2310 firmiores
938 2245 1022 2309 fiunt
1045 2245 1088 2310 ad
1105 2246 1148 2309 la·

137 2331 252 2400 boram
279 2337 510 2401 sustinendum,
559 2339 687 2417 tempus
715 2333 874 2418 optimum
906 2333 946 2398 ad
979 2332 1151 2399 admitten-

139 2419 216 2487 dum
236 2423 276 2489 ab
296 2425 418 2491 arcturi
437 2445 553 2490 occasu
571 2422 611 2488 ad
631 2422 759 2506 aquilae
779 2443 938 2506 occasum,
963 2419 1050 2505 quod
1069 2444 1149 2507 quac
1161 2440 1184 2482 n

139 2516 254 2592 postea
276 2514 518 2597 concipiuntur,
547 2512 630 2576 fiunt
652 2509 828 2596 vegrandcs
853 2515 949 2594 atque
972 2510 1151 2576 inbecillae.

88 2600 212 2665 140vis
235 2623 396 2686 praegnas
420 2605 470 2666 est
493 2600 606 2665 diebus
630 2615 683 2665 cn.
726 2600 838 2682 itaque
867 2599 906 2662 fit
928 2601 1040 2681 partus
1066 2599 1152 2664 exitu

142 2690 332 2773 autumnali,
352 2712 425 2754 cum
445 2710 500 2753 aer
519 2692 569 2753 est
587 2687 712 2752 modice
730 2691 930 2772 temperatus
950 2690 983 2751 et
1000 2687 1151 2772 primitus

142 2777 246 2842 oritur
267 2779 370 2842 herba
392 2776 550 2843 imbribus
574 2776 769 2860 primoribus
793 2779 934 2841 evocata.
974 2797 1074 2860 quam
1097 2776 1151 2840 diu

233 3003 376 3074 1potum]
400 3005 468 3073 puto
558 3001 746 3073 2alagriores
835 3001 985 3071 4putulas
1012 3001 1154 3056 subiciunt

143 3075 238 3143 quaad
265 3075 433 3144 refrigerata
511 3080 543 3129 12
567 3073 675 3144 inigerc
703 3072 759 3144 est]
782 3072 900 3127 interest
970 3077 1004 3125 22
1031 3073 1068 3126 ad
1092 3078 1154 3128 onte

144 3147 256 3202 stabula
274 3162 323 3202 orn.
344 3147 420 3214 (add.
446 3146 481 3214 V)
537 3152 571 3200 26
591 3144 751 3215 concipiunt
804 3143 953 3198 inuecillac
1009 3149 1043 3198 27
1063 3145 1154 3198 exitus

234 3369 247 3414 1
267 3361 365 3430 potum
383 3359 545 3429 propellunt
564 3357 719 3412 Pontedera
737 3357 823 3424 antiq.
836 3371 864 3424 p.
878 3358 935 3410 423
976 3361 994 3409 4
1012 3355 1154 3424 patulaso

143 3436 168 3486 et
186 3432 252 3487 libri
269 3431 429 3486 recentiores
529 3435 560 3484 12
579 3427 686 3498 inigerc
705 3426 774 3482 utile
798 3425 917 3482 Ursinus
1011 3432 1045 3481 26
1065 3425 1154 3482 conci-

143 3501 258 3570 piuntur
281 3502 400 3557 Ursinus
470 3506 504 3555 27
524 3499 601 3554 exitu
619 3516 666 3555 no
