2452 3938
281 185 412 240 RERVM
429 181 669 238 RVSTIOARVM
687 180 754 236 LlB.
773 181 813 234 111
833 186 865 235 17
1013 179 1076 246 165

63 333 232 399 familiaris
252 335 370 409 noster,
394 351 465 393 cum
484 327 626 412 piscinas
649 327 784 390 haberet
802 347 924 412 magna
942 328 1077 409 pecunia

64 422 249 486 aedificatas
283 419 322 483 ad
350 418 483 501 Baulos,
515 418 563 480 ita
595 435 691 499 saepe
723 436 795 478 cum
824 437 862 478 eo
896 415 934 478 ad
963 416 1077 478 villam

62 511 126 593 fui,
153 510 304 573 utillum
329 508 428 571 sciam
453 526 580 588 semper
603 504 637 566 in
661 525 773 568 cenam
797 504 900 588 pisces
925 503 1076 567 Puteolos

64 600 191 663 mittere
220 600 364 678 emptum
391 594 534 658 solitum.
579 614 683 675 neque
712 592 790 655 satis
819 596 888 656 erat
917 613 989 655 eum
1012 602 1107 658 nont

37 687 154 771 spasci
178 708 195 748 e
218 684 360 768 piscinis,
383 682 448 746 nisi
471 682 569 746 etiam
592 681 662 764 ipse
686 702 741 745 eos
764 686 912 765 pasceret
931 682 1017 745 ultro
1039 704 1077 746 ac

64 776 222 840 maiorem
251 793 358 835 curam
383 771 445 834 sibi
468 771 617 854 haberet,
643 790 684 832 ne
709 768 776 833 eius
801 770 960 833 esurirent
984 771 1077 834 mulli

65 862 192 944 [asini],
220 882 317 944 quam
345 879 404 943 ego
431 859 551 943 habeo,
579 879 620 922 ne
647 858 711 921 mei
738 857 773 921 in
797 857 902 923 Rosea
933 859 1079 923 esuriant

66 951 167 1034 asini,
194 952 226 1013 et
250 948 376 1032 quidem
399 952 536 1031 utraque
560 969 606 1030 re,
632 950 664 1010 et
687 947 758 1010 cibo
783 950 815 1010 et
838 947 981 1030 potione,
1004 969 1078 1012 eum

66 1062 131 1104 non
150 1038 247 1120 paulo
268 1037 499 1118 sumptuosius
518 1057 614 1120 quam
633 1056 703 1119 ego,
726 1035 929 1100 ministraret
948 1037 1078 1101 victum.

25 1150 51 1188 10
66 1148 126 1209 ego
155 1127 242 1190 enim
270 1146 336 1188 uno
365 1125 508 1207 servulo,
536 1123 656 1189 hordeo
679 1146 744 1188 non
768 1125 886 1207 multo,
914 1147 998 1208 aqua
1023 1125 1078 1189 do-

66 1215 199 1279 mestica
231 1235 321 1278 meos
352 1213 600 1276 multinummos
634 1213 685 1275 alo
718 1217 839 1278 asinos:
883 1211 1078 1279 Hortensius

66 1304 205 1386 primum
224 1303 280 1387 qui
298 1301 523 1379 ministrarent
538 1301 716 1384 piscatores
736 1301 879 1364 habebat
898 1303 1078 1386 conplures,

67 1399 98 1455 et
122 1391 151 1454 ei
174 1389 344 1473 pisciculos
368 1391 511 1453 minutos
537 1388 734 1472 adgerebant
755 1388 956 1473 frequenter,
980 1392 1035 1473 qui
1058 1411 1079 1454 a

66 1480 243 1544 maioribus
266 1479 520 1543 absumerentur.
561 1480 729 1561 praeterea
753 1478 1021 1542 salsamentorum
1045 1480 1108 1544 in'l

25 1590 51 1629 15
66 1591 119 1632 eas
143 1568 286 1653 piscinas
311 1571 455 1651 emptum
480 1566 647 1647 coiciebat,
669 1587 742 1629 cum
766 1587 853 1629 mare
875 1567 1023 1630 turbaret
1042 1589 1079 1631 ac

66 1679 122 1738 per
150 1659 377 1738 tempestatem
405 1655 576 1719 macellum
603 1654 802 1736 piscinarum
834 1656 949 1736 [mare]
984 1656 1078 1720 obso-

66 1746 156 1807 nium
192 1744 362 1828 praeberet
402 1765 505 1826 neque
543 1743 718 1808 everriculo
758 1745 792 1807 in
830 1744 907 1807 litus
946 1744 1078 1808 educere

66 1837 202 1915 possent
228 1833 334 1897 vivam
364 1834 525 1917 saginam,
549 1833 694 1915 plebeiae
715 1854 815 1903 cenae
838 1832 944 1916 piscis.
991 1831 1078 1897 Cele-

66 1923 132 1984 rius
165 1921 332 1985 voluntate
361 1920 517 1986 Hortensi
549 1943 588 1986 ex
621 1920 897 2005 equili‘eduoeres
925 1921 1079 2002 redarios,

26 2014 102 2073 cont
133 2010 194 2073 tibi
228 2010 379 2093 haberes,
411 2011 532 2093 mulas,
571 2031 667 2093 quam
700 2032 717 2072 e
749 2009 875 2093 piscina
907 2009 1078 2073 barbatum

67 2099 212 2162 mullum.
250 2095 367 2180 Atque,
390 2097 443 2159 ille
462 2099 577 2182 inquit,
599 2119 665 2161 non
690 2096 796 2160 minor
818 2118 895 2160 cura
919 2103 988 2161 erat
1011 2099 1109 2162 eius8

67 2187 105 2250 de
125 2185 267 2270 aegrotis
285 2185 439 2269 piscibus,
462 2186 616 2270 quamde
636 2185 743 2250 minus
761 2186 944 2250 valentibus
968 2187 1079 2250 servis.

66 2274 176 2357 itaque
199 2276 305 2338 minus
329 2275 502 2338 laborabat
524 2296 564 2338 ne
588 2296 698 2338 servos
722 2295 819 2358 aeger
842 2296 959 2357 aquam
988 2275 1079 2357 frigi·
1167 2319 1168 2322 κ

67 2364 151 2446 dam,
169 2384 264 2444 utram
277 2368 312 2427 ut
325 2384 393 2427 eam
411 2367 572 2428 recentem
591 2363 738 2427 biberent
753 2362 803 2426 sui
816 2363 931 2445 pisces.
961 2363 1080 2449 etenim

27 2451 128 2514 abac
155 2452 279 2515 incuria
308 2452 455 2516 laborare
485 2452 594 2517 aiebat
616 2451 658 2516 M.
677 2449 849 2515 Lucullum
880 2472 917 2514 ac
940 2451 1079 2533 piscinas

67 2540 135 2603 eius
164 2540 376 2624 despiciebat,
405 2541 488 2624 quod
518 2539 679 2604 aestuaria
706 2539 825 2604 idonea
848 2561 913 2603 non
935 2538 1108 2624 haberet‚'

66 2649 103 2691 ac
127 2628 230 2691 reside
254 2651 338 2712 aqua
362 2630 395 2692 in
419 2629 500 2694 locis
523 2628 749 2713 pestilentibus
768 2627 957 2692 habitarent
975 2629 1078 2710 pisces

66 2716 147 2778 eius:
188 2722 302 2781 contra
329 2718 369 2782 ad
397 2716 570 2803 Neapolim
593 2716 628 2784 L.
653 2716 835 2801 Lucullum,
868 2723 1109 2801 posteaquam9

66 2801 261 2882 perfodisset
286 2811 430 2870 montem
459 2828 496 2871 ac
527 2808 733 2872 maritumum
761 2806 881 2871 flumen
903 2806 1082 2870 inmisisset
1153 2879 1155 2882 Α

157 2991 335 3060 tpascoret]
360 3008 475 3060 pascere
552 2997 661 3050 6muli
742 3003 774 3050 11
798 2996 881 3050 multi
904 2996 1080 3049 numinosalo

69 3069 101 3116 13
122 3077 139 3114 a
157 3078 206 3115 om.
274 3068 305 3116 17
326 3063 465 3116 euericulo
531 3070 562 3117 18
582 3067 708 3120 sabinam
770 3074 803 3120 21
824 3065 954 3136 mullum]
973 3064 1080 3118 mulum

66 3130 218 3200 alioquid
264 3137 297 3186 23
316 3130 449 3199 frigidam
463 3138 604 3188 recentem
645 3139 678 3188 25
698 3135 764 3206 hac]
783 3153 815 3190 ac
860 3135 963 3204 agebat
981 3152 1017 3188 m.
1039 3136 1081 3188 lu-

66 3203 135 3259 culli
207 3208 240 3256 26
260 3204 411 3258 aestiuaria
478 3208 512 3257 28
531 3203 629 3259 luculli

157 3389 172 3437 t
197 3384 365 3452 pascereto
446 3389 462 3436 6
491 3381 628 3438 esurirent
650 3380 732 3435 mulli
755 3399 839 3450 quam
864 3398 915 3451 ego
936 3383 1082 3438 Iucundos

70 3457 101 3504 11
120 3454 204 3508 multi
221 3470 350 3507 nummos
369 3453 414 3509 alo
433 3471 450 3509 o
506 3460 537 3507 13
558 3471 574 3508 a
593 3453 745 3508 maioribus
762 3472 778 3508 v
835 3459 867 3508 18
887 3453 1022 3520 saginam
1035 3455 1089 3504 Ku-

69 3524 175 3579 cundas
245 3531 280 3579 25
299 3526 394 3582 aiebat
412 3526 448 3581 M.
468 3525 642 3582 Luculumo
714 3531 755 3581 ‘ab
773 3523 930 3580 aestuatis
940 3522 1079 3574 ussisse
