2452 3938
104 188 148 251 42
499 185 699 256 ,vicaonis

74 340 208 416 2neque
230 331 265 395 in
293 331 408 417 pingui
430 336 518 395 terra
542 331 650 395 omnia
670 333 821 416 seruntur
843 334 932 395 recte
954 351 1059 415 neque
1083 331 1119 394 in

104 442 213 484 macra
239 420 332 500 nihil.
379 421 497 484 rectius
522 419 606 484 enim
634 420 669 483 in
690 419 837 485 tenuiore
861 422 950 484 terra
972 441 1011 483 ea
1035 441 1118 503 quae

102 530 170 573 non
188 510 290 574 multo
309 508 457 594 indigent
475 530 561 592 suco,
580 512 617 572 ut
630 508 771 591 cytisum
791 512 824 573 et
841 508 1009 593 legumina
1027 529 1119 591 prae·

103 605 154 661 ter
177 598 274 662 cicer:
301 598 364 662 hoc
387 598 472 661 enim
496 618 623 682 quoque
651 597 815 681 legumen,
843 600 881 661 ut
903 600 1011 661 cetera
1034 618 1118 680 quae

104 685 268 750 velluntur
292 690 433 768 eterra,
465 708 532 750 non
564 686 790 769 subsecantur,
821 707 921 769 quae,
953 683 1040 769 quod
1071 686 1118 749 ita
1144 712 1155 752 r

103 775 265 860 leguntur,
287 775 452 859 legumina
475 774 571 839 diota.
612 773 645 838 in
671 774 784 859 pingui
807 775 925 838 rectius
949 794 1031 857 quae
1055 773 1119 838 cibi

73 867 181 930 3sunt
203 864 345 947 maioriS,
370 866 406 927 ut
428 863 533 945 holus,
556 862 711 945 triticum,
735 863 841 948 siligo,
864 863 976 926 linum.
1022 884 1118 946 quae-

105 952 179 1016 dam
204 952 302 1015 ctiam
327 950 461 1016 serenda
482 971 547 1015 non
571 956 639 1015 tam
658 956 792 1034 propter
812 954 1017 1034 praesentem
1036 951 1119 1015 fruc·

103 1044 172 1104 tum
196 1063 294 1124 quam
316 1041 351 1103 in
369 1061 489 1104 annum
513 1039 774 1122 prospicientem,
797 1039 947 1124 quodibi
966 1039 1119 1104 subsecta

104 1135 200 1212 atque
227 1128 342 1192 relicta
373 1129 494 1192 terram
521 1127 645 1191 faciunt
672 1129 849 1192 meliorem.
899 1128 1009 1211 itaque
1037 1127 1117 1211 lupi·
1130 1156 1154 1195 ιο

103 1238 195 1297 num,
227 1237 300 1280 cum
332 1216 440 1279 minus
471 1215 631 1280 siliculum
659 1217 757 1300 cepit,
790 1221 823 1280 et
850 1238 916 1280 non
939 1238 1119 1300 numquam

103 1304 234 1388 fabalia,
253 1305 281 1368 si
300 1304 340 1368 ad
356 1304 490 1388 siliquas
504 1326 573 1369 non
590 1305 638 1369 ita
652 1305 807 1390 pervenit,
825 1309 862 1368 ut
880 1305 990 1369 fabam
1009 1306 1118 1389 legere

94 1392 265 1477 expediat,
298 1394 326 1458 si
357 1413 436 1477 ager
467 1394 608 1458 macrior
636 1397 701 1476 est,
731 1415 790 1476 pro
819 1396 959 1457 stercore
989 1393 1117 1458 inarare

72 1483 219 1568 4solent.
264 1503 324 1546 neo
356 1483 463 1546 minus
496 1503 533 1546 ea
565 1481 818 1546 discriminanda
850 1481 884 1545 in
916 1481 1116 1547 conserendo

103 1593 184 1654 quae
208 1574 285 1634 sunt
307 1571 482 1654 fructuosa,
505 1574 639 1654 propter
662 1570 874 1654 voluptatem,
898 1573 935 1633 ut
957 1591 1040 1654 quae
1060 1577 1155 1653 ptr-1⁵

104 1659 205 1723 maria
233 1680 270 1723 ac
297 1658 425 1723 floralia
452 1659 671 1743 appellantur,
698 1660 776 1722 item
804 1659 861 1723 illa
890 1680 973 1742 quae
995 1659 1036 1722 ad
1058 1657 1117 1723 ho·

103 1748 226 1810 minum
249 1747 373 1810 victum
392 1767 430 1809 ac
449 1767 578 1809 sensum
597 1746 907 1830 delectationemque
931 1768 996 1811 non
1016 1748 1117 1829 perti·

102 1839 180 1898 nent
205 1855 309 1917 neque
337 1834 377 1897 ab
407 1834 478 1918 agri
506 1835 650 1898 utilitate
679 1839 756 1900 sunt
782 1835 935 1900 diiuncta.
980 1835 1117 1899 idoneus

102 1922 192 1987 locus
216 1923 398 2007 eligendus,
423 1921 480 1985 ubi
502 1923 604 1986 facias
629 1924 778 1988 salictum
802 1927 834 1987 et
856 1923 1118 2006 harundinetum,

72 2012 150 2098 5sic
182 2010 247 2075 alia
280 2033 362 2096 quae
394 2010 539 2074 umidum
571 2011 676 2075 locum
710 2017 883 2096 quaerunt,
915 2015 1029 2076 contra
1060 2013 1117 2078 ubi
1131 2040 1155 2079 ro

103 2103 229 2183 segetes
261 2099 505 2184 frumentarias,
541 2100 598 2163 ubi
629 2100 740 2165 fabam
777 2101 985 2183 potissimum
1017 2122 1117 2181 seras,

102 2188 181 2251 item
211 2189 274 2251 alia
302 2209 384 2272 quae
413 2187 504 2252 arida
530 2188 604 2252 loca
627 2192 792 2253 secuntur:
823 2188 870 2253 sio
893 2194 930 2252 ut
951 2189 1117 2254 umbrosis

101 2276 182 2340 locis
211 2277 276 2340 alia
303 2298 407 2360 seras,
438 2281 476 2341 ut
503 2277 687 2356 corrudam,
721 2277 806 2360 quod
829 2278 881 2340 na
908 2277 994 2360 petit
1022 2299 1116 2361 aspa-

101 2385 213 2448 ragus3
242 2366 365 2449 aprica,
392 2369 429 2428 ut
454 2365 502 2428 ibi
530 2386 618 2430 seras
646 2366 768 2431 violam
796 2368 829 2429 et
860 2365 974 2430 hortos
1004 2365 1117 2448 faciae,

101 2453 188 2537 quod
218 2475 256 2518 ea
285 2455 353 2518 sole
376 2455 594 2536 nutricantur,
622 2456 669 2519 sic
693 2455 765 2518 alia.
811 2455 931 2518 etalio
960 2455 1033 2520 loco
1056 2457 1154 2519 alr-a

97 2543 187 2624 palla
219 2541 368 2625 serenda,
400 2546 437 2605 ut
468 2541 590 2606 habeas
621 2543 758 2624 vimina,
794 2541 878 2606 unde
909 2542 1032 2606 viendo
1053 2540 1113 2630 [L]

101 2630 178 2713 quid
208 2630 323 2713 facias,
352 2632 390 2693 ut
419 2629 556 2714 sirpeas,
586 2632 707 2716 vallae,
737 2634 854 2695 crates:
885 2631 949 2696 alio
980 2632 1053 2697 loco
1078 2637 1117 2696 ut

189 2836 333 2906 3cytison
355 2836 487 2907 (cytisum
510 2837 549 2907 V)
658 2839 762 2911 ocibi]
781 2839 823 2894 ibi
930 2840 1039 2912 8tam]
1057 2839 1115 2895 iam

100 2914 116 2960 9
136 2907 295 2961 subrectam
313 2911 398 2977 atque
416 2909 546 2963 relictam
636 2917 668 2964 11
689 2927 752 2965 cnm
771 2910 875 2982 minus]
901 2927 965 2964 cum
984 2910 1114 2966 dominus

101 2983 134 3031 12
153 2977 262 3032 fabulia
369 2986 403 3033 23
423 2981 483 3034 alta
501 2997 577 3035 seras
595 2984 628 3036 nt
646 2981 765 3036 corruda
863 2987 897 3036 25
916 2980 1045 3050 virgulta
1063 2999 1113 3038 om.

100 3054 134 3102 26
153 3048 267 3120 viendo]
287 3051 391 3106 utendo

189 3250 204 3297 6
223 3260 295 3312 quae
318 3244 375 3300 cibi
397 3244 513 3301 maioris
536 3249 601 3299 sunt
621 3245 735 3301 Plinius
757 3252 814 3302 nat.
833 3247 894 3301 lu'rt.
916 3246 1041 3317 XVIII,
1058 3252 1113 3304 165

99 3319 115 3368 8
133 3331 190 3368 non
214 3318 273 3368 tam
295 3318 352 3372 cod.
378 3316 446 3370 Pur.
538 3323 553 3370 9
573 3316 704 3370 subrecta
726 3319 812 3385 atque
835 3317 935 3372 relicta
957 3335 1005 3372 mo
1081 3326 1112 3372 11

99 3385 211 3452 quando
230 3386 321 3440 minus
340 3385 492 3442 Salmasius
511 3387 587 3442 Plio,
607 3403 691 3442 erere.
707 3405 737 3456 p.
757 3391 812 3444 172
888 3394 920 3442 12
938 3388 1048 3443 fabalia
1065 3407 1113 3445 mv

98 3460 133 3508 23
152 3455 211 3509 alia
229 3473 304 3511 seras
323 3458 467 3513 Iucundos
538 3460 571 3512 ut
588 3458 735 3519 corrudam
760 3458 877 3514 Urcr'auo
958 3460 1112 3515 26v1endo

104 3525 242 3581 Victorias
260 3544 293 3582 ex
310 3528 405 3584 Nonio
421 3546 449 3598 p.
469 3534 524 3584 189
