2452 3938
75 214 114 268 VI
476 210 683 265 PRAEFATIO

81 357 240 421 Marciani
267 356 387 421 codicis
414 357 489 421 lect'
479 377 569 421 101160
597 355 819 437 adnotaverat,
853 358 968 436 postca
997 355 1095 420 huius

79 467 205 532 qnoque
233 447 424 528 scripturas,
458 445 513 508 sed
541 445 646 508 minus
680 447 828 508 accurate
861 448 1027 527 excerptas
1061 449 1096 508 et

79 535 177 599 rubro
198 534 305 598 colore
324 534 365 597 ab
385 533 450 596 illis
470 533 603 596 distinct
589 536 638 596 tas
658 530 843 615 adscripsit,
867 536 899 594 et
885 531 995 596 tVict
981 533 1096 616 torius,

78 623 134 706 qui
166 643 238 685 eum
271 645 310 685 ox
338 621 482 685 Medicea
510 620 710 685 bibliotheca
745 642 764 684 a
796 642 830 683 se
864 620 1094 704 depromptum

78 732 148 774 esse
172 710 300 793 scribit,
328 711 457 792 saepius
486 710 553 773 eius
578 714 666 773 ment
667 711 774 774 ionem
795 708 875 773 fecit
903 712 936 772 et
959 714 1094 794 propter

78 800 218 864 formam
238 799 293 862 litt
279 803 422 862 terarum
446 819 519 861 euni
543 799 739 881 gallicanum
760 798 811 862 vel
829 797 955 880 gallicis
975 798 1013 860 lit
999 803 1094 862 tteris

78 888 238 971 scriptum
266 887 318 951 vel
347 887 483 950 semivet
484 908 570 950 erem
601 886 706 951 dicere
736 886 913 950 consuevit
964 890 1093 968 praeter

77 975 137 1040 hos
171 975 271 1039 libros
312 975 469 1039 collatum
501 975 671 1076 habebam
695 975 827 1038 tertium
860 973 1046 1038 Laurent
1018 979 1092 1039 t-ra

77 1085 164 1128 num
197 1065 257 1147 51,
287 1067 303 1127 1
337 1064 389 1128 vel
421 1064 537 1147 primis
569 1063 673 1147 quinti
705 1063 821 1127 decimi
849 1064 901 1126 vel
938 1068 991 1126 ext
992 1066 1094 1127 remis

78 1152 186 1236 quarti
215 1151 330 1216 decimi
354 1151 473 1216 saeculi
502 1152 594 1216 annis
620 1152 720 1234 script
722 1174 775 1215 um
782 1171 917 1235 „qnem
940 1154 1091 1214 111116-

78 1241 176 1325 liqnis
196 1240 438 1324 distinguerem,
461 1239 682 1304 Florentinum
706 1240 780 1302 dixi.
814 1240 960 1304 continet
983 1244 1093 1303 autern

78 1326 211 1392 Catonis
243 1334 276 1392 et
303 1328 462 1393 Varronis
491 1328 603 1394 libros.
654 1329 832 1392 recentiore
861 1349 957 1391 manu
988 1328 1095 1392 multa

77 1416 111 1480 in
135 1439 172 1481 eo
197 1421 340 1481 correcta
363 1421 452 1500 sunt,
480 1438 617 1500 quorum
645 1439 721 1501 pars
745 1439 785 1480 ex
813 1415 967 1497 Mediceo,
996 1439 1093 1500 quem

78 1505 174 1570 modo
198 1505 272 1588 dixi,
296 1506 489 1588 deprompta
513 1509 571 1569 est.

166 1594 217 1657 Ad
233 1595 489 1678 cognoscendam
505 1600 612 1656 antem
628 1592 821 1675 scripturam
841 1591 960 1657 codicis
980 1593 1092 1657 arche-

79 1681 158 1765 typi,
183 1703 278 1764 quem
297 1684 373 1764 post
391 1679 468 1743 Vict
454 1682 574 1743 torium
593 1702 688 1744 nemo
707 1680 798 1761 vidit,
776 1684 895 1742 tcum
916 1680 1093 1762 plurimum

76 1768 163 1833 haud
188 1769 283 1832 dubie
307 1767 513 1832 tribuendum
537 1769 581 1832 sit
604 1789 719 1850 excerp
721 1768 763 1830 tis
785 1766 953 1850 Politiani,
983 1770 1037 1852 qni
1057 1772 1090 1834 in

77 1857 266 1921 excutiendo
290 1857 399 1921 codice
422 1857 543 1920 maiore
570 1857 751 1939 diligentia,
774 1877 871 1938 quam
891 1857 971 1921 olim
990 1859 1090 1942 vulgo

76 1945 147 2008 fieri
171 1946 311 2027 solebat,
338 1967 415 2008 usus
440 1950 503 2028 est,
527 1950 636 2008 tamen
660 1966 698 2008 ea
719 1965 778 2027 per
801 1966 835 2006 06
859 1945 930 2008 0011
954 1946 994 2009 ad
1019 1968 1090 2010 earn

76 2056 145 2097 rem
172 2056 239 2098 non
267 2033 482 2098 sufficiebant.
536 2054 640 2116 neque
680 2033 765 2096 enim
799 2032 939 2097 dubitari
972 2039 1090 2117 potest,

78 2123 156 2205 quin
179 2123 283 2186 multa
306 2122 347 2185 ab
372 2143 410 2186 eo
431 2122 561 2204 omissa,
585 2121 743 2205 quaedam
762 2143 837 2185 vero
858 2123 956 2185 etiam
975 2144 1087 2207 parum

78 2214 225 2274 accurate
248 2209 391 2274 indicata
414 2211 488 2293 sint,
511 2210 680 2293 inquibus
701 2210 899 2293 apographa,
922 2210 1089 2293 inprimis

55 2298 244 2362 *Parisinus
273 2299 371 2362 codex
399 2302 432 2363 t
455 2297 691 2362 Laurentianus
715 2298 768 2379 51,
785 2298 808 2362 4
831 2297 922 2383 (nam
949 2298 1089 2382 reliquo-

76 2409 148 2451 rum
167 2387 273 2452 minor
296 2387 375 2451 fides
400 2386 473 2469 est),
496 2387 615 2452 rectius
638 2348 781 2452 vetererh
805 2388 998 2470 scripturam
1026 2409 1090 2450 ser-

77 2478 244 2540 voverunt
289 2476 352 2541 huc
377 2476 535 2540 acceditt
521 2475 746 2539 testimoninm
769 2474 916 2554 Victorii,
944 2475 998 2556 qui
1022 2476 1089 2536 dis-

77 2565 217 2627 sentient
203 2564 291 2627 tibus
315 2585 334 2626 a
357 2563 521 2626 Politiano
546 2562 742 2646 apographis
768 2585 805 2627 ca
828 2583 908 2646 quae
931 2561 965 2624 in
988 2583 1088 2626 manu

76 2651 207 2733 scriptis
239 2650 331 2714 libris
363 2672 449 2714 nunc
480 2651 633 2734 leguntur
666 2652 794 2734 saepius
827 2650 1019 2715 lectionibus
1049 2671 1088 2714 ex

76 2743 184 2803 vetere
208 2739 316 2802 codice
339 2743 449 2822 recept
450 2739 478 2802 is
435 2740 675 2803 tconfirmat.
705 2739 757 2804 his
780 2740 882 2823 igitur
901 2743 975 2803 auct
961 2739 1088 2802 toribus

77 2826 246 2911 adhibitis,
275 2848 347 2890 cnm
369 2826 467 2892 facile
491 2830 676 2912 appareret,
703 2829 779 2912 quid
804 2828 903 2891 errori
927 2827 978 2892 vel
1002 2827 1087 2891 Poli-

75 2916 157 2979 tiani
171 2917 221 2979 vel
236 2915 442 2980 librariorum
457 2916 665 2980 tribuendum
680 2921 775 2999 esset,
793 2917 983 3000 plerumque
999 2921 1087 2981 certo

76 3003 230 3068 constitui
254 3007 394 3085 poterat,
425 3004 501 3088 quid
524 3005 558 3068 in
583 3007 760 3087 archetypo
784 3005 940 3087 scriptum
964 3005 1088 3070 fuisset.

75 3092 242 3156 nonnullis
279 3095 388 3155 tamen
420 3093 500 3157 locis
534 3115 571 3156 61
605 3093 824 3176 discrepantia
855 3093 929 3155 inde
959 3092 1089 3157 videtur

74 3180 251 3264 repetenda
273 3201 352 3262 esse,
381 3181 479 3266 quod,
508 3203 580 3245 cum
609 3181 716 3264 prima
739 3183 900 3265 scriptura
922 3179 956 3243 in
980 3186 1088 3245 vetere

76 3267 184 3332 codice
213 3273 356 3332 correcta
379 3272 477 3347 esset,
510 3269 569 3332 alii·
590 3271 733 3352 priorem
761 3268 956 3349 scripturam
986 3271 1088 3334 secuti

76 3360 176 3438 erant,
200 3356 255 3419 alii
277 3358 498 3440 posteriorem.
542 3357 652 3440 itaque
675 3357 710 3421 in
732 3356 904 3420 indicanda
927 3357 1088 3442 scriptura

75 3444 245 3528 archetypi
272 3445 333 3510 hac
360 3446 486 3510 ratione
509 3467 587 3510 usus
612 3468 698 3529 01111,
724 3450 761 3507 111
784 3466 866 3528 quae
890 3447 1087 3528 comparatis

74 3533 161 3598 inter
184 3555 218 3596 se
245 3534 440 3598 lectionibus
468 3534 731 3618 apographorum
758 3536 792 3597 et
815 3535 975 3616 excerptis
998 3534 1087 3599 Poli-
