2452 3938
109 175 152 238 20
526 172 712 229 VARRONIS

108 318 324 402 temporibus,
360 340 442 403 quae
475 317 515 382 ad
545 319 623 382 solis
652 319 855 383 circumitum
884 339 1025 382 annuum
1055 319 1126 384 sint

109 408 337 472 referendat
305 411 337 471 et
338 429 447 491 quae
477 407 517 471 ad
544 409 639 471 lunae
667 411 868 472 menstruum
896 428 1035 471 cursum
1084 407 1125 472 de

109 497 224 580 primis
248 473 402 581 quattuor
420 497 568 579 partibus
587 496 677 578 prius
697 496 813 577 (licam,
837 495 951 560 deinde
970 496 1047 559 subt
1032 495 1124 560 tilius

111 585 247 649 detecto
229 584 428 649 oseoundis.

70 694 111 748 vr
199 673 306 758 Igitur
323 673 464 758 primum
484 672 522 737 de
541 674 611 738 solo
630 672 722 737 fundi
740 672 914 737 videndum
932 672 1012 736 haec
1031 676 1125 755 quat·
1139 691 1152 733 o

74 766 198 844 tuor,
227 784 291 847 qua
319 762 362 826 sit
387 760 507 844 forma,
536 782 600 845 quo
627 762 661 825 in
689 781 811 845 genere
827 765 946 842 terrae,
975 765 1126 863 quantus,

113 872 211 935 quem
243 872 301 933 per
332 872 366 914 se
398 852 497 914 tutus.
543 850 665 914 formae
698 871 770 913 cnm
803 850 866 913 duo
901 869 1021 933 genera
1049 849 1126 932 sint,

111 961 177 1003 una
200 961 297 1024 quam
320 943 438 1003 natura
460 939 525 1022 dat,
548 938 651 1002 altera
674 959 771 1023 quam
792 938 935 1011 sationes
953 938 1127 1022 inponunt,

111 1028 210 1112 prior,
230 1027 315 1112 quod
337 1027 418 1091 alius
434 1047 511 1111 ager
525 1026 725 1109 benenatus,
744 1026 827 1090 alius
842 1026 936 1103 male,
952 1028 1127 1110 posterior,
1151 1040 1155 1046 '

113 1115 200 1200 qnod
220 1116 302 1180 alius
320 1115 439 1179 fundus
458 1117 540 1179 bene
559 1115 702 1179 consitus
722 1119 780 1198 est,
800 1116 881 1178 alius
901 1116 994 1197 mele,
1017 1115 1125 1180 dicam
1138 1135 1163 1174 ro

81 1205 200 1288 2prius
220 1204 258 1267 de
276 1204 428 1268 naturali.
459 1204 561 1289 igitur
581 1223 653 1268 cum
671 1202 737 1267 trie
756 1224 876 1288 genere
894 1203 961 1267 sint
979 1225 999 1267 a
1017 1204 1127 1287 specie

112 1293 274 1376 simplicia
293 1313 454 1375 agrorum,
474 1295 662 1375 campestre,
687 1292 850 1374 collinum,
873 1295 1075 1376 montanum,
1095 1296 1128 1356 et

112 1403 151 1446 ex
174 1381 214 1444 iis
238 1381 341 1446 tribus
366 1385 526 1465 quartum,
549 1381 605 1445 ubi
626 1381 661 1444 in
680 1402 745 1444 uno
764 1380 863 1444 fundo
882 1381 963 1444 huec
982 1380 1046 1444 duo
1066 1386 1143 1446 aut·

111 1470 176 1535 tria
199 1471 282 1554 sunt,
305 1474 343 1533 ut
364 1462 476 1534 multis
499 1470 580 1534 locis
603 1469 679 1533 licet
700 1467 818 1552 videre,
842 1490 859 1532 e
879 1469 997 1553 quibus
1016 1469 1127 1535 tribus

110 1559 251 1644 fastigiis
284 1559 486 1642 simplicibus
515 1559 583 1622 sine
616 1557 714 1622 dubio
747 1557 866 1621 infimis
900 1558 965 1621 alia
996 1559 1166 1623 culturare

113 1648 220 1731 aptior
234 1669 332 1730 quam
351 1647 494 1729 summis,
513 1647 599 1731 quod
612 1645 693 1710 haec
707 1646 862 1711 calidiora
877 1668 974 1730 quam
989 1668 1128 1729 summa,

113 1737 160 1800 sic
178 1735 317 1817 collinis,
337 1735 422 1818 quod
442 1756 480 1798 ea
497 1735 657 1817 tepidiore
677 1756 774 1818 quam
788 1734 900 1798 infima
914 1738 971 1799 aut
985 1756 1129 1799 summa:
1151 1766 1154 1771 ·

112 1822 192 1887 haec
216 1827 374 1907 apparent
397 1823 502 1908 magis
525 1824 572 1887 ita
595 1843 666 1886 esse
684 1823 719 1886 in
736 1822 909 1887 latioribus
927 1823 1130 1907 regionibus,

83 1911 275 1997 3simplicia
297 1929 371 1976 cum
394 1915 478 1976 sunt.
520 1910 628 1994 itaque
651 1911 708 1974 ubi
730 1910 790 1975 lati
813 1911 929 1995 campi,
951 1911 997 1975 ibi
1020 1913 1129 1997 magis

114 2005 238 2083 aestus,
270 2003 303 2064 et
336 2021 373 2065 eo
403 2001 438 2064 in
464 1999 585 2083 Apulia
613 1999 686 2064 loca
714 1999 868 2064 calidiora
895 2021 932 2065 ac
964 2000 1167 2084 graviorum

114 2093 147 2154 et
169 2088 226 2152 ubi
249 2093 413 2171 montane,
436 2091 473 2152 ut
495 2090 531 2152 in
554 2086 712 2170 Vesuvio,
743 2087 828 2172 quod
851 2088 974 2153 leviora
997 2091 1031 2153 et
1053 2089 1128 2155 ideo

30 2213 34 2220 ·
114 2177 310 2243 salubriore:
347 2178 401 2261 qui
429 2178 541 2243 colunt
570 2176 732 2262 deorsum,
761 2176 866 2261 magis
890 2179 1014 2242 aestate
1037 2177 1129 2244 labo·

112 2269 200 2349 rent,
237 2267 291 2350 qui
324 2289 443 2351 susum,
475 2265 582 2350 magis
613 2266 729 2330 hieme.
777 2287 877 2329 verno
910 2270 1057 2348 tempore
1092 2268 1129 2331 in

113 2355 347 2438 campestribus
380 2355 540 2420 maturius
572 2354 683 2420 eadem
716 2353 775 2417 illa
803 2361 952 2418 seruntur
980 2376 1063 2438 qnae
1093 2357 1128 2421 in

114 2445 334 2528 superioribus
358 2447 391 2509 et
414 2444 549 2509 celerius
571 2442 624 2507 hic
648 2464 744 2526 quam
768 2442 834 2529 illic
857 2445 1028 2528 coguntur.
1065 2465 1127 2509 nec
1140 2463 1164 2504 so

111 2555 177 2597 non
192 2554 303 2598 susum
318 2555 414 2617 quam
430 2531 579 2595 deorsum
593 2530 718 2594 tardius
734 2534 883 2595 seruntur
898 2552 935 2594 ac
948 2535 1129 2598 metuntur.

81 2623 269 2707 tqueedam
293 2622 327 2685 in
350 2619 514 2686 montanis
533 2619 710 2703 prolixiora
728 2623 905 2684 nascuntur
925 2640 962 2685 ac
979 2619 1128 2687 firmiora
1149 2676 1153 2681 .

111 2714 246 2795 propter
269 2710 383 2795 frigus,
405 2712 443 2773 ut
465 2707 589 2772 abietes
614 2729 651 2771 ac
674 2708 817 2791 sappini,
846 2707 910 2792 hic,
933 2708 1020 2792 quod
1042 2710 1127 2794 tepi-

112 2800 212 2883 diore,
235 2798 349 2883 populi
373 2818 409 2861 ec
433 2795 562 2860 salicesi
592 2817 701 2860 susum
724 2795 900 2879 fertiliora,
928 2800 965 2860 ut
988 2798 1126 2862 arbutus

111 2910 148 2953 ac
177 2908 326 2970 quereus,
354 2886 521 2968 deorsum,
548 2888 585 2947 ut
612 2905 710 2948 nuces
739 2905 873 2968 graecae
901 2906 939 2949 ac
966 2886 1164 2956 mariscaeso

202 3067 215 3112 l
237 3077 340 3113 annum
426 3064 441 3113 6
460 3059 529 3130 que]
548 3075 620 3140 quae
710 3064 725 3112 '1
744 3074 829 3126 quam
846 3059 1008 3127 persecutns
1028 3062 1128 3128 (qnam

110 3133 275 3212 prosecutus
296 3130 367 3198 Pol.)
455 3135 488 3183 13
507 3128 582 3184 ubi'
574 3147 604 3183 ιιι
622 3128 690 3200 uno]
710 3127 768 3182 ut
760 3146 790 3182 ιιι
809 3145 841 3184 eo
912 3134 944 3183 14
963 3131 995 3183 ut
1013 3130 1126 3202 multis]

111 3203 161 3258 aut
178 3200 274 3255 multis
346 3199 438 3255 uideri
509 3207 543 3256 28
562 3199 716 3270 tepidiore]
735 3199 845 3254 tediora
917 3206 951 3254 30
971 3200 1091 3256 deosum

201 3387 358 3434 lannuum
380 3395 431 3434 mo
523 3384 611 3447 iper
634 3392 663 3431 se
686 3378 764 3431 tutus
789 3377 948 3432 Potitianis
1041 3383 1076 3432 14
1096 3380 1128 3433 ut

111 3449 207 3506 multis
226 3452 373 3506 lucendus
449 3448 545 3504 nidere
570 3448 687 3503 Ursinus
763 3453 797 3504 28
815 3447 957 3518 tepidiore
975 3455 1129 3505 correctum

111 3524 143 3577 iri
162 3523 295 3579 Parisino
314 3524 403 3579 codice
