2452 3938
294 158 423 214 RERVM
442 158 678 214 avstlcnavn
697 159 762 213 LlB.
777 160 833 213 111
1029 158 1069 223 Π

57 311 94 372 ut
114 305 184 370 sint
207 305 326 388 parvis.
362 305 461 369 tertia
483 326 559 388 pars
582 308 641 387 est,
664 326 727 388 quo
752 305 796 369 sit
819 305 955 369 seminio
975 326 1071 389 quae-

56 394 205 460 rendum.
249 393 312 459 hoc
334 393 465 457 nomine
489 393 575 458 enim
598 393 682 457 asini
705 392 856 459 Arcadici
879 393 913 456 in
936 392 1072 459 Graecia

57 481 233 566 nobilitati,
256 481 291 546 in
309 481 407 547 Italia
425 481 566 565 Reatini,
589 503 689 566 usque
709 503 746 546 eo
769 486 805 547 ut
824 503 896 546 mea
915 483 1072 547 memoria

58 573 170 638 asinus
199 571 337 637 venierit
366 571 524 636 sestertiis
557 571 690 636 milibus
722 572 892 654 sexaginta
924 575 957 636 et
989 592 1072 636 unae

31 660 237 747 squadrigac
267 659 391 724 Romae
423 660 630 725 constiterint
656 659 901 744 quadringentis
932 659 1072 725 milibus.

58 753 178 835 quarta
200 770 276 833 pars
301 752 351 814 est
374 749 412 814 de
435 749 504 813 iure
527 748 561 812 in
584 748 740 833 parando,
763 771 858 834 quem
882 748 923 813 ad
941 749 1072 813 modum
1085 757 1124 813 15

58 859 222 924 quamque
239 837 396 922 pecudem
415 838 480 901 emi
499 841 650 921 oporteat
668 837 756 902 civili
774 838 852 902 iure.
881 837 967 922 quod
987 837 1072 901 enim

58 928 197 993 alterius
220 925 294 1009 fuit,
315 926 348 990 id
371 930 408 990 ut
430 927 489 991 fiat
512 949 629 1010 meum,
651 948 784 991 necesse
808 930 857 991 est
880 926 1004 1010 aliquid
1025 925 1073 991 in-

57 1017 236 1099 tercedere,
263 1036 367 1098 neque
394 1015 428 1079 in
458 1016 609 1080 omnibus
637 1015 718 1080 satis
741 1020 792 1081 est
819 1015 988 1099 stipulatio
1017 1018 1074 1079 aut

21 1105 179 1172 resolutio
194 1125 400 1169 nummorum
416 1103 456 1168 ad
471 1104 683 1169 mutationem
698 1104 830 1171 domini.
862 1105 896 1170 in
911 1104 1074 1188 emptione

60 1195 143 1259 alias
171 1193 392 1272 stipulandum
421 1214 534 1256 sanum
562 1215 651 1276 esse,
686 1194 768 1258 alias
797 1216 813 1258 e
842 1216 921 1259 sano
950 1215 1076 1279 pecore,

59 1283 142 1348 alias
161 1286 321 1348 neutrum.
349 1283 470 1346 alterae
493 1285 602 1366 partes
627 1285 781 1367 quattuor
804 1286 889 1363 sunt,
912 1305 986 1348 cum
1008 1283 1074 1348 iam
1087 1282 1125 1346 16

61 1370 188 1454 emeris,
212 1370 441 1454 observandae,
464 1371 503 1435 de
526 1371 685 1454 pastione,
711 1371 750 1434 de
772 1371 888 1454 fetura,
912 1371 950 1434 de
972 1371 1076 1437 nutri·

61 1464 147 1544 catu,
170 1459 210 1523 de
233 1459 382 1524 sanitate.
419 1459 574 1544 pascendi
597 1459 720 1542 primus
739 1459 831 1523 locus
850 1459 906 1544 qui
924 1463 982 1539 est,
1007 1460 1075 1522 eius
1174 1488 1177 1493 ·

25 1549 146 1614 roratio
179 1547 312 1632 triplex,
348 1549 382 1612 in
411 1570 475 1632 qua
505 1547 637 1632 regione
670 1569 831 1632 quamque
868 1546 1075 1630 potissimum

60 1659 178 1722 pascas
202 1641 235 1701 et
258 1636 386 1720 quando
411 1641 444 1701 et
467 1639 536 1721 qui,
558 1640 596 1700 ut
620 1658 732 1720 capras
756 1636 792 1700 in
814 1637 995 1701 montuosis
1019 1657 1075 1720 po·

61 1727 126 1791 tius
150 1725 231 1790 locis
256 1727 381 1809 [quam]
406 1725 577 1791 fruticibus
601 1747 698 1811 quam
721 1726 756 1789 in
778 1725 922 1790 herbidis
943 1724 1076 1808 campis,

62 1837 161 1899 equas
191 1817 315 1880 contra.
359 1836 465 1899 neque
493 1815 603 1879 eadem
631 1815 703 1879 loca
731 1815 857 1880 aestiva
886 1818 918 1878 et
940 1814 1077 1878 hiberna

58 1905 182 1969 idonea
205 1903 355 1968 omnibus
379 1904 419 1967 ad
442 1903 648 1988 pascendum.
693 1904 803 1988 itaque
828 1923 942 1989 greges
967 1903 1077 1967 ovium

26 1993 160 2078 alonge
194 1992 369 2076 abiguntur
402 2013 441 2055 ex
470 1991 590 2074 Apulia
623 1993 657 2055 in
686 1989 855 2057 Samnium
883 1991 1076 2055 aestivatum

62 2085 161 2166 atque
194 2080 235 2145 ad
262 2080 472 2164 publicanum
499 2081 707 2163 profitentur,
739 2102 796 2162 ne,
829 2079 858 2144 ai
884 2079 1077 2164 inscriptum

61 2192 161 2255 pecus
175 2170 335 2254 paverint,
353 2171 424 2254 lege
439 2168 587 2233 censoria
605 2169 810 2233 conmittant.
838 2168 919 2232 muli
938 2189 955 2232 e
970 2168 1128 2233 Rosea17

63 2259 240 2343 campestri
254 2261 377 2323 aestate
393 2259 566 2342 exiguntur
580 2258 614 2321 in
627 2258 648 2336 †
662 2256 826 2321 Burbures
842 2257 925 2323 altos
941 2259 1078 2321 montes.

63 2348 120 2432 qui
144 2347 353 2431 potissimum
377 2368 521 2432 quaeque
544 2344 705 2429 pecudum
733 2349 901 2428 pascatur,
929 2345 1079 2408 habenda

26 2460 50 2500 aa
63 2435 160 2519 ratio,
189 2457 248 2501 nec
272 2437 376 2500 solum
400 2435 486 2519 quod
509 2436 605 2499 faeno
629 2434 667 2497 fit
690 2438 802 2498 satura
825 2455 907 2517 equa
931 2436 987 2496 aut
1009 2433 1078 2515 bos,

64 2547 138 2589 cum
162 2545 236 2589 sues
264 2525 326 2591 hoc
355 2524 461 2589 vitent
484 2527 517 2588 et
540 2526 698 2609 quaerant
720 2523 885 2608 glandem,
913 2521 969 2586 sed
993 2521 1084 2605 quod

63 2613 223 2679 hordeum
246 2615 279 2677 et
301 2613 377 2677 faba
404 2612 566 2678 interdum
591 2613 633 2677 sit
657 2611 849 2697 quibusdam
874 2610 1079 2676 obiciendum

63 2706 97 2766 et
120 2700 262 2766 dandum
285 2702 390 2767 bubus
414 2702 562 2785 lupinum
585 2704 618 2766 et
636 2701 781 2766 lactariis
804 2701 929 2766 medica
948 2703 981 2764 et
999 2700 1078 2784 cyti-

155 2936 171 2984 2
191 2929 287 2984 arcadi
360 2935 375 2983 6
400 2928 567 2999 imperando
642 2935 674 2983 10
695 2928 803 2984 domini
826 2929 896 2984 Vict.
916 2935 941 2984 et
951 2930 1080 3070 floriana

39 3001 238 3072 'apoqraplsa
258 2999 374 3056 dominii
396 3000 423 3055 V
500 3001 530 3056 in
549 3001 718 3070 emptionem
799 3005 831 3053 11
852 3016 950 3054 sanum
983 2999 1080 3054 statim

66 3078 100 3128 11
124 3087 220 3127 recore
243 3073 355 3141 (pecore
382 3071 454 3126 Vct
479 3073 616 3127 manullo
638 3072 809 3142 apographo)
919 3076 952 3123 12
979 3072 1080 3122 neutro

66 3149 101 3198 14
119 3143 242 3213 primum
325 3150 357 3198 17
377 3141 540 3199 fructicibus
625 3148 659 3196 22
679 3140 812 3196 mulieros
831 3142 860 3196 et
877 3140 1046 3208 scampeatri

156 3374 370 3431 2archadicio
460 3378 494 3426 10
511 3373 542 3426 in
561 3370 703 3441 emptione
721 3387 749 3423 m
838 3374 870 3422 11
898 3384 996 3423 sanum
1020 3383 1080 3422 esse

71 3446 213 3573 3285?st
265 3453 299 3500 14
317 3446 425 3515 primus
443 3445 522 3500 locus
541 3460 588 3498 mo
643 3446 677 3495 22
696 3439 766 3495 muli
785 3457 800 3494 c
818 3439 911 3496 Rosea
928 3437 1081 3509 campestri
1120 3468 1124 3473 .

78 3744 96 3775 δ
