<?xml version="1.0" encoding="UTF-8"?>
<!DOCTYPE html PUBLIC "-//W3C//DTD XHTML 1.0 Transitional//EN"
    "http://www.w3.org/TR/xhtml1/DTD/xhtml1-transitional.dtd">
<html xmlns="http://www.w3.org/1999/xhtml" xml:lang="en" lang="en">
 <head>
  <title>
</title>
<meta http-equiv="Content-Type" content="text/html;charset=utf-8" />
  <meta name='ocr-system' content='tesseract 3.04.00' />
  <meta name='ocr-capabilities' content='ocr_page ocr_carea ocr_par ocr_line ocrx_word'/>
</head>
<body>
  <div class='ocr_page' id='page_1' title='image "./mterentivarroni00keilgoog/mterentivarroni00keilgoog_0038.png"; bbox 0 0 2452 3938; ppageno 0'>
   <div class='ocr_carea' id='block_1_1' title="bbox 272 188 1070 254">
    <p class='ocr_par' dir='ltr' id='par_1_1' title="bbox 272 188 1070 254">
     <span class='ocr_line' id='line_1_1' title="bbox 272 188 1070 254; baseline 0.011 -11"><span class='ocrx_word' id='word_1_1' title='bbox 272 189 402 246; x_wconf 80' lang='lat' dir='ltr'><strong>RERVM</strong></span> <span class='ocrx_word' id='word_1_2' title='bbox 418 188 657 246; x_wconf 78' lang='lat' dir='ltr'><strong>RVSTIOARVM</strong></span> <span class='ocrx_word' id='word_1_3' title='bbox 675 190 743 246; x_wconf 87' lang='lat' dir='ltr'>LIB.</span> <span class='ocrx_word' id='word_1_4' title='bbox 757 189 771 242; x_wconf 88' lang='grc' dir='ltr'><strong>Ι</strong></span> <span class='ocrx_word' id='word_1_5' title='bbox 786 195 855 246; x_wconf 79' lang='grc'><strong>7-8</strong></span> <span class='ocrx_word' id='word_1_6' title='bbox 1018 188 1070 254; x_wconf 73' lang='grc'><strong>’23</strong></span> 
     </span>
    </p>
   </div>
   <div class='ocr_carea' id='block_1_2' title="bbox 10 334 1163 3248">
    <p class='ocr_par' dir='ltr' id='par_1_2' title="bbox 55 334 1070 684">
     <span class='ocr_line' id='line_1_2' title="bbox 55 334 1070 420; baseline -0.001 -19"><span class='ocrx_word' id='word_1_7' title='bbox 55 336 188 420; x_wconf 78' lang='lat' dir='ltr'><strong>aliquot.</strong></span> <span class='ocrx_word' id='word_1_8' title='bbox 210 336 358 420; x_wconf 84' lang='lat' dir='ltr'>regiones</span> <span class='ocrx_word' id='word_1_9' title='bbox 387 334 522 420; x_wconf 80' lang='lat' dir='ltr'><strong>accessi,</strong></span> <span class='ocrx_word' id='word_1_10' title='bbox 548 335 605 398; x_wconf 89' lang='lat' dir='ltr'><strong>ubi</strong></span> <span class='ocrx_word' id='word_1_11' title='bbox 632 355 692 398; x_wconf 88' lang='lat' dir='ltr'><strong>nec</strong></span> <span class='ocrx_word' id='word_1_12' title='bbox 719 335 796 399; x_wconf 84' lang='lat' dir='ltr'><strong>vitis</strong></span> <span class='ocrx_word' id='word_1_13' title='bbox 822 355 883 398; x_wconf 86' lang='lat' dir='ltr'><strong>nec</strong></span> <span class='ocrx_word' id='word_1_14' title='bbox 911 335 982 399; x_wconf 89' lang='lat' dir='ltr'><strong>olea</strong></span> <span class='ocrx_word' id='word_1_15' title='bbox 1011 357 1070 400; x_wconf 86' lang='lat' dir='ltr'><strong>neo</strong></span> 
     </span>
     <span class='ocr_line' id='line_1_3' title="bbox 55 422 1069 510; baseline -0.001 -21"><span class='ocrx_word' id='word_1_16' title='bbox 55 446 156 510; x_wconf 88' lang='lat' dir='ltr'><strong>poma</strong></span> <span class='ocrx_word' id='word_1_17' title='bbox 178 426 401 506; x_wconf 88' lang='lat' dir='ltr'><strong>nascerentur,</strong></span> <span class='ocrx_word' id='word_1_18' title='bbox 422 423 478 487; x_wconf 89' lang='lat' dir='ltr'><strong>ubi</strong></span> <span class='ocrx_word' id='word_1_19' title='bbox 498 443 594 507; x_wconf 84' lang='lat' dir='ltr'><strong>agros</strong></span> <span class='ocrx_word' id='word_1_20' title='bbox 614 426 831 487; x_wconf 87' lang='lat' dir='ltr'><strong>stercorarent</strong></span> <span class='ocrx_word' id='word_1_21' title='bbox 849 422 986 487; x_wconf 86' lang='lat' dir='ltr'><strong>candida</strong></span> <span class='ocrx_word' id='word_1_22' title='bbox 1003 423 1069 488; x_wconf 87' lang='lat' dir='ltr'><strong>fos-</strong></span> 
     </span>
     <span class='ocr_line' id='line_1_4' title="bbox 57 511 1069 595; baseline -0.002 -17"><span class='ocrx_word' id='word_1_23' title='bbox 57 513 138 579; x_wconf 89' lang='lat' dir='ltr'><strong>sicia</strong></span> <span class='ocrx_word' id='word_1_24' title='bbox 164 515 266 595; x_wconf 87' lang='lat' dir='ltr'><strong>creta,</strong></span> <span class='ocrx_word' id='word_1_25' title='bbox 295 511 350 575; x_wconf 90' lang='lat' dir='ltr'><strong>ubi</strong></span> <span class='ocrx_word' id='word_1_26' title='bbox 378 511 479 575; x_wconf 91' lang='lat' dir='ltr'><strong>salem</strong></span> <span class='ocrx_word' id='word_1_27' title='bbox 506 532 566 575; x_wconf 91' lang='lat' dir='ltr'><strong>nec</strong></span> <span class='ocrx_word' id='word_1_28' title='bbox 596 511 764 576; x_wconf 90' lang='lat' dir='ltr'><strong>fossicium</strong></span> <span class='ocrx_word' id='word_1_29' title='bbox 786 532 845 575; x_wconf 89' lang='lat' dir='ltr'><strong>nec</strong></span> <span class='ocrx_word' id='word_1_30' title='bbox 868 511 1069 576; x_wconf 90' lang='lat' dir='ltr'><strong>maritimum</strong></span> 
     </span>
     <span class='ocr_line' id='line_1_5' title="bbox 55 599 1069 684; baseline 0 -19"><span class='ocrx_word' id='word_1_31' title='bbox 55 599 226 678; x_wconf 86' lang='lat' dir='ltr'><strong>haberent,</strong></span> <span class='ocrx_word' id='word_1_32' title='bbox 245 601 301 664; x_wconf 90' lang='lat' dir='ltr'><strong>sed</strong></span> <span class='ocrx_word' id='word_1_33' title='bbox 316 622 355 663; x_wconf 86' lang='lat' dir='ltr'><strong>ex</strong></span> <span class='ocrx_word' id='word_1_34' title='bbox 369 599 560 683; x_wconf 90' lang='lat' dir='ltr'><strong>quibusdam</strong></span> <span class='ocrx_word' id='word_1_35' title='bbox 574 599 672 684; x_wconf 84' lang='lat' dir='ltr'><strong>lignis</strong></span> <span class='ocrx_word' id='word_1_36' title='bbox 692 599 857 664; x_wconf 78' lang='lat' dir='ltr'><strong>conbustis</strong></span> <span class='ocrx_word' id='word_1_37' title='bbox 877 600 1069 665; x_wconf 87' lang='lat' dir='ltr'><strong>carbonibus</strong></span> 
     </span>
    </p>

    <p class='ocr_par' dir='ltr' id='par_1_3' title="bbox 23 684 1120 1126">
     <span class='ocr_line' id='line_1_6' title="bbox 23 684 1120 773; baseline -0.002 -15"><span class='ocrx_word' id='word_1_38' title='bbox 23 689 154 758; x_wconf 83' lang='lat' dir='ltr'><strong>ssalsis</strong></span> <span class='ocrx_word' id='word_1_39' title='bbox 177 711 237 773; x_wconf 89' lang='lat' dir='ltr'><strong>pro</strong></span> <span class='ocrx_word' id='word_1_40' title='bbox 266 711 312 753; x_wconf 90' lang='lat' dir='ltr'><strong>eo.</strong></span> <span class='ocrx_word' id='word_1_41' title='bbox 326 691 504 753; x_wconf 89' lang='lat' dir='ltr'><strong>uterentur.</strong></span> <span class='ocrx_word' id='word_1_42' title='bbox 549 684 654 770; x_wconf 84' lang='lat' dir='ltr'><strong>Stolo,</strong></span> <span class='ocrx_word' id='word_1_43' title='bbox 677 685 759 752; x_wconf 80' lang='lat' dir='ltr'><strong>Cato</strong></span> <span class='ocrx_word' id='word_1_44' title='bbox 783 686 926 771; x_wconf 89' lang='lat' dir='ltr'><strong>quidem,</strong></span> <span class='ocrx_word' id='word_1_45' title='bbox 953 689 1069 773; x_wconf 91' lang='lat' dir='ltr'><strong>inquit,</strong></span> <span class='ocrx_word' id='word_1_46' title='bbox 1102 700 1120 756; x_wconf 88' lang='lat'>9</span> 
     </span>
     <span class='ocr_line' id='line_1_7' title="bbox 55 770 1086 864; baseline 0 -22"><span class='ocrx_word' id='word_1_47' title='bbox 55 777 221 864; x_wconf 86' lang='lat' dir='ltr'><strong>gradatim</strong></span> <span class='ocrx_word' id='word_1_48' title='bbox 243 797 445 862; x_wconf 86' lang='lat' dir='ltr'><strong>praeponens</strong></span> <span class='ocrx_word' id='word_1_49' title='bbox 469 774 569 840; x_wconf 91' lang='lat' dir='ltr'><strong>alium</strong></span> <span class='ocrx_word' id='word_1_50' title='bbox 588 776 652 841; x_wconf 93' lang='lat' dir='ltr'><strong>alio</strong></span> <span class='ocrx_word' id='word_1_51' title='bbox 673 797 788 861; x_wconf 84' lang='lat' dir='ltr'><strong>agrum</strong></span> <span class='ocrx_word' id='word_1_52' title='bbox 806 770 971 841; x_wconf 88' lang='lat' dir='ltr'><strong>meliorem</strong></span> <span class='ocrx_word' id='word_1_53' title='bbox 991 776 1086 843; x_wconf 87' lang='lat' dir='ltr'><strong>dicit.</strong></span> 
     </span>
     <span class='ocr_line' id='line_1_8' title="bbox 55 865 1069 949; baseline 0 -19"><span class='ocrx_word' id='word_1_54' title='bbox 55 889 130 931; x_wconf 89' lang='lat' dir='ltr'><strong>esse</strong></span> <span class='ocrx_word' id='word_1_55' title='bbox 161 866 195 929; x_wconf 88' lang='lat' dir='ltr'><strong>in</strong></span> <span class='ocrx_word' id='word_1_56' title='bbox 227 887 345 930; x_wconf 82' lang='lat' dir='ltr'><strong>novem</strong></span> <span class='ocrx_word' id='word_1_57' title='bbox 378 865 627 949; x_wconf 83' lang='lat' dir='ltr'><strong>discriminibus,</strong></span> <span class='ocrx_word' id='word_1_58' title='bbox 661 865 748 949; x_wconf 91' lang='lat' dir='ltr'><strong>quod</strong></span> <span class='ocrx_word' id='word_1_59' title='bbox 781 865 824 929; x_wconf 87' lang='lat' dir='ltr'><strong>sit</strong></span> <span class='ocrx_word' id='word_1_60' title='bbox 854 865 979 948; x_wconf 89' lang='lat' dir='ltr'><strong>primus</strong></span> <span class='ocrx_word' id='word_1_61' title='bbox 1012 867 1069 931; x_wconf 90' lang='lat' dir='ltr'><strong>ubi</strong></span> 
     </span>
     <span class='ocr_line' id='line_1_9' title="bbox 54 953 1069 1038; baseline 0 -19"><span class='ocrx_word' id='word_1_62' title='bbox 54 955 171 1020; x_wconf 87' lang='lat' dir='ltr'><strong>vineae</strong></span> <span class='ocrx_word' id='word_1_63' title='bbox 193 953 321 1038; x_wconf 87' lang='lat' dir='ltr'><strong>possint</strong></span> <span class='ocrx_word' id='word_1_64' title='bbox 343 974 413 1018; x_wconf 89' lang='lat' dir='ltr'><strong>esse</strong></span> <span class='ocrx_word' id='word_1_65' title='bbox 436 955 521 1018; x_wconf 91' lang='lat' dir='ltr'><strong>bono</strong></span> <span class='ocrx_word' id='word_1_66' title='bbox 545 954 619 1017; x_wconf 85' lang='lat' dir='ltr'><strong>vino</strong></span> <span class='ocrx_word' id='word_1_67' title='bbox 644 956 677 1018; x_wconf 89' lang='lat' dir='ltr'><strong>et</strong></span> <span class='ocrx_word' id='word_1_68' title='bbox 699 953 813 1036; x_wconf 88' lang='lat' dir='ltr'><strong>multo,</strong></span> <span class='ocrx_word' id='word_1_69' title='bbox 836 954 993 1018; x_wconf 88' lang='lat' dir='ltr'><strong>secundus</strong></span> <span class='ocrx_word' id='word_1_70' title='bbox 1012 955 1069 1019; x_wconf 90' lang='lat' dir='ltr'><strong>ubi</strong></span> 
     </span>
     <span class='ocr_line' id='line_1_10' title="bbox 54 1042 1068 1126; baseline 0.001 -19"><span class='ocrx_word' id='word_1_71' title='bbox 54 1044 173 1107; x_wconf 89' lang='lat' dir='ltr'><strong>hortus</strong></span> <span class='ocrx_word' id='word_1_72' title='bbox 192 1043 350 1126; x_wconf 84' lang='lat' dir='ltr'><strong>inriguus,</strong></span> <span class='ocrx_word' id='word_1_73' title='bbox 367 1043 485 1107; x_wconf 90' lang='lat' dir='ltr'><strong>tertius</strong></span> <span class='ocrx_word' id='word_1_74' title='bbox 504 1042 561 1105; x_wconf 89' lang='lat' dir='ltr'><strong>ubi</strong></span> <span class='ocrx_word' id='word_1_75' title='bbox 576 1042 700 1125; x_wconf 89' lang='lat' dir='ltr'><strong>salicta,</strong></span> <span class='ocrx_word' id='word_1_76' title='bbox 719 1046 851 1125; x_wconf 86' lang='lat' dir='ltr'><strong>quartus</strong></span> <span class='ocrx_word' id='word_1_77' title='bbox 867 1043 924 1107; x_wconf 89' lang='lat' dir='ltr'><strong>ubi</strong></span> <span class='ocrx_word' id='word_1_78' title='bbox 939 1042 1068 1126; x_wconf 88' lang='lat' dir='ltr'><strong>oliveta,</strong></span> 
     </span>
    </p>

    <p class='ocr_par' dir='ltr' id='par_1_4' title="bbox 10 1130 1121 1569">
     <span class='ocr_line' id='line_1_11' title="bbox 10 1130 1069 1217; baseline -0.002 -19"><span class='ocrx_word' id='word_1_79' title='bbox 10 1161 37 1199; x_wconf 82' lang='lat' dir='ltr'><strong>ro</strong></span> <span class='ocrx_word' id='word_1_80' title='bbox 53 1131 194 1216; x_wconf 83' lang='lat' dir='ltr'><strong>&#39;quintus</strong></span> <span class='ocrx_word' id='word_1_81' title='bbox 216 1131 275 1194; x_wconf 89' lang='lat' dir='ltr'><strong>ubi</strong></span> <span class='ocrx_word' id='word_1_82' title='bbox 296 1132 436 1215; x_wconf 84' lang='lat' dir='ltr'><strong>pratum,</strong></span> <span class='ocrx_word' id='word_1_83' title='bbox 460 1134 569 1194; x_wconf 89' lang='lat' dir='ltr'><strong>sextus</strong></span> <span class='ocrx_word' id='word_1_84' title='bbox 593 1130 650 1194; x_wconf 88' lang='lat' dir='ltr'><strong>ubi</strong></span> <span class='ocrx_word' id='word_1_85' title='bbox 673 1152 805 1214; x_wconf 90' lang='lat' dir='ltr'><strong>campus</strong></span> <span class='ocrx_word' id='word_1_86' title='bbox 829 1130 1069 1217; x_wconf 86' lang='lat' dir='ltr'><strong>frumentarius,</strong></span> 
     </span>
     <span class='ocr_line' id='line_1_12' title="bbox 56 1219 1069 1303; baseline 0.001 -19"><span class='ocrx_word' id='word_1_87' title='bbox 56 1219 215 1302; x_wconf 89' lang='lat' dir='ltr'><strong>septimus</strong></span> <span class='ocrx_word' id='word_1_88' title='bbox 230 1219 287 1282; x_wconf 88' lang='lat' dir='ltr'><strong>ubi</strong></span> <span class='ocrx_word' id='word_1_89' title='bbox 301 1219 421 1287; x_wconf 86' lang='lat' dir='ltr'><strong>caedua</strong></span> <span class='ocrx_word' id='word_1_90' title='bbox 437 1219 532 1301; x_wconf 83' lang='lat' dir='ltr'><strong>silva,</strong></span> <span class='ocrx_word' id='word_1_91' title='bbox 552 1222 686 1284; x_wconf 84' lang='lat' dir='ltr'><strong>octavus</strong></span> <span class='ocrx_word' id='word_1_92' title='bbox 700 1219 756 1283; x_wconf 89' lang='lat' dir='ltr'><strong>ubi</strong></span> <span class='ocrx_word' id='word_1_93' title='bbox 772 1220 950 1303; x_wconf 85' lang='lat' dir='ltr'><strong>arbustum,</strong></span> <span class='ocrx_word' id='word_1_94' title='bbox 964 1242 1069 1285; x_wconf 90' lang='lat' dir='ltr'><strong>nonus</strong></span> 
     </span>
     <span class='ocr_line' id='line_1_13' title="bbox 54 1305 1121 1394; baseline 0.002 -22"><span class='ocrx_word' id='word_1_95' title='bbox 54 1308 113 1388; x_wconf 85' lang='lat' dir='ltr'><strong>ubi</strong></span> <span class='ocrx_word' id='word_1_96' title='bbox 128 1306 299 1391; x_wconf 80' lang='lat' dir='ltr'><strong>glandaria</strong></span> <span class='ocrx_word' id='word_1_97' title='bbox 315 1307 405 1371; x_wconf 84' lang='lat' dir='ltr'><strong>silva.</strong></span> <span class='ocrx_word' id='word_1_98' title='bbox 433 1306 555 1389; x_wconf 86' lang='lat' dir='ltr'><strong>Scrofa,</strong></span> <span class='ocrx_word' id='word_1_99' title='bbox 575 1305 657 1388; x_wconf 84' lang='lat' dir='ltr'><strong>Scio,</strong></span> <span class='ocrx_word' id='word_1_100' title='bbox 675 1308 792 1390; x_wconf 88' lang='lat' dir='ltr'><strong>inquit,</strong></span> <span class='ocrx_word' id='word_1_101' title='bbox 807 1308 945 1372; x_wconf 86' lang='lat' dir='ltr'><strong>scribere</strong></span> <span class='ocrx_word' id='word_1_102' title='bbox 960 1309 1121 1394; x_wconf 82' lang='lat' dir='ltr'><strong>illum310</strong></span> 
     </span>
     <span class='ocr_line' id='line_1_14' title="bbox 55 1395 1069 1479; baseline 0 -18"><span class='ocrx_word' id='word_1_103' title='bbox 55 1396 115 1461; x_wconf 88' lang='lat' dir='ltr'><strong>sed</strong></span> <span class='ocrx_word' id='word_1_104' title='bbox 143 1397 181 1460; x_wconf 89' lang='lat' dir='ltr'><strong>de</strong></span> <span class='ocrx_word' id='word_1_105' title='bbox 209 1395 272 1459; x_wconf 87' lang='lat' dir='ltr'><strong>hoe</strong></span> <span class='ocrx_word' id='word_1_106' title='bbox 298 1417 365 1460; x_wconf 91' lang='lat' dir='ltr'><strong>non</strong></span> <span class='ocrx_word' id='word_1_107' title='bbox 393 1396 602 1460; x_wconf 88' lang='lat' dir='ltr'><strong>consentiunt</strong></span> <span class='ocrx_word' id='word_1_108' title='bbox 629 1416 755 1478; x_wconf 88' lang='lat' dir='ltr'><strong>omncs,</strong></span> <span class='ocrx_word' id='word_1_109' title='bbox 791 1396 876 1479; x_wconf 91' lang='lat' dir='ltr'><strong>quod</strong></span> <span class='ocrx_word' id='word_1_110' title='bbox 906 1396 963 1460; x_wconf 91' lang='lat' dir='ltr'><strong>alii</strong></span> <span class='ocrx_word' id='word_1_111' title='bbox 991 1397 1069 1461; x_wconf 89' lang='lat' dir='ltr'><strong>dant</strong></span> 
     </span>
     <span class='ocr_line' id='line_1_15' title="bbox 54 1483 1070 1569; baseline 0 -21"><span class='ocrx_word' id='word_1_112' title='bbox 54 1485 233 1569; x_wconf 88' lang='lat' dir='ltr'><strong>primatum</strong></span> <span class='ocrx_word' id='word_1_113' title='bbox 260 1483 355 1548; x_wconf 88' lang='lat' dir='ltr'><strong>bonis</strong></span> <span class='ocrx_word' id='word_1_114' title='bbox 383 1485 499 1568; x_wconf 89' lang='lat' dir='ltr'><strong>pratis,</strong></span> <span class='ocrx_word' id='word_1_115' title='bbox 527 1486 564 1547; x_wconf 86' lang='lat' dir='ltr'><strong>ut</strong></span> <span class='ocrx_word' id='word_1_116' title='bbox 587 1504 661 1567; x_wconf 82' lang='lat' dir='ltr'><strong>ego,</strong></span> <span class='ocrx_word' id='word_1_117' title='bbox 690 1505 709 1546; x_wconf 88' lang='lat' dir='ltr'><strong>a</strong></span> <span class='ocrx_word' id='word_1_118' title='bbox 739 1505 803 1567; x_wconf 92' lang='lat' dir='ltr'><strong>quo</strong></span> <span class='ocrx_word' id='word_1_119' title='bbox 827 1485 916 1566; x_wconf 90' lang='lat' dir='ltr'><strong>[que]</strong></span> <span class='ocrx_word' id='word_1_120' title='bbox 942 1485 1070 1569; x_wconf 85' lang='lat' dir='ltr'><strong>antiqui</strong></span> 
     </span>
    </p>

    <p class='ocr_par' dir='ltr' id='par_1_5' title="bbox 10 1569 1144 2010">
     <span class='ocr_line' id='line_1_16' title="bbox 10 1569 1068 1658; baseline -0.006 -15"><span class='ocrx_word' id='word_1_121' title='bbox 10 1601 38 1642; x_wconf 78' lang='lat' dir='ltr'><strong>rs</strong></span> <span class='ocrx_word' id='word_1_122' title='bbox 55 1576 154 1658; x_wconf 89' lang='lat' dir='ltr'><strong>prata</strong></span> <span class='ocrx_word' id='word_1_123' title='bbox 176 1575 293 1657; x_wconf 86' lang='lat' dir='ltr'><strong>parata</strong></span> <span class='ocrx_word' id='word_1_124' title='bbox 316 1572 531 1655; x_wconf 88' lang='lat' dir='ltr'><strong>appellarunt.</strong></span> <span class='ocrx_word' id='word_1_125' title='bbox 570 1569 691 1636; x_wconf 80' lang='lat' dir='ltr'><strong>Caesar</strong></span> <span class='ocrx_word' id='word_1_126' title='bbox 708 1569 881 1654; x_wconf 85' lang='lat' dir='ltr'><strong>Vopiscus,</strong></span> <span class='ocrx_word' id='word_1_127' title='bbox 903 1572 1068 1637; x_wconf 88' lang='lat' dir='ltr'><strong>aedilicius</strong></span> 
     </span>
     <span class='ocr_line' id='line_1_17' title="bbox 55 1660 1069 1744; baseline 0.001 -18"><span class='ocrx_word' id='word_1_128' title='bbox 55 1683 190 1727; x_wconf 89' lang='lat' dir='ltr'><strong>causam</strong></span> <span class='ocrx_word' id='word_1_129' title='bbox 218 1682 292 1725; x_wconf 88' lang='lat' dir='ltr'><strong>cum</strong></span> <span class='ocrx_word' id='word_1_130' title='bbox 324 1665 436 1744; x_wconf 86' lang='lat' dir='ltr'><strong>ageret</strong></span> <span class='ocrx_word' id='word_1_131' title='bbox 468 1660 554 1743; x_wconf 90' lang='lat' dir='ltr'><strong>apud</strong></span> <span class='ocrx_word' id='word_1_132' title='bbox 586 1680 748 1742; x_wconf 85' lang='lat' dir='ltr'><strong>censores,</strong></span> <span class='ocrx_word' id='word_1_133' title='bbox 779 1681 911 1744; x_wconf 84' lang='lat' dir='ltr'><strong>campos</strong></span> <span class='ocrx_word' id='word_1_134' title='bbox 943 1661 1069 1727; x_wconf 87' lang='lat' dir='ltr'><strong>Roseae</strong></span> 
     </span>
     <span class='ocr_line' id='line_1_18' title="bbox 54 1749 1069 1834; baseline 0.001 -20"><span class='ocrx_word' id='word_1_135' title='bbox 54 1750 172 1814; x_wconf 90' lang='lat' dir='ltr'><strong>Italiae</strong></span> <span class='ocrx_word' id='word_1_136' title='bbox 199 1749 282 1813; x_wconf 86' lang='lat' dir='ltr'><strong>dixit</strong></span> <span class='ocrx_word' id='word_1_137' title='bbox 309 1770 380 1813; x_wconf 89' lang='lat' dir='ltr'><strong>esse</strong></span> <span class='ocrx_word' id='word_1_138' title='bbox 409 1770 536 1833; x_wconf 90' lang='lat' dir='ltr'><strong>sumen,</strong></span> <span class='ocrx_word' id='word_1_139' title='bbox 569 1749 604 1813; x_wconf 94' lang='lat' dir='ltr'><strong>in</strong></span> <span class='ocrx_word' id='word_1_140' title='bbox 632 1770 695 1832; x_wconf 89' lang='lat' dir='ltr'><strong>quo</strong></span> <span class='ocrx_word' id='word_1_141' title='bbox 723 1749 837 1813; x_wconf 87' lang='lat' dir='ltr'><strong>relicta</strong></span> <span class='ocrx_word' id='word_1_142' title='bbox 864 1750 988 1832; x_wconf 88' lang='lat' dir='ltr'><strong>pertica</strong></span> <span class='ocrx_word' id='word_1_143' title='bbox 1014 1772 1069 1834; x_wconf 92' lang='lat' dir='ltr'><strong>po-</strong></span> 
     </span>
     <span class='ocr_line' id='line_1_19' title="bbox 55 1837 1144 1923; baseline 0.006 -20"><span class='ocrx_word' id='word_1_144' title='bbox 55 1838 170 1903; x_wconf 89' lang='lat' dir='ltr'><strong>stridie</strong></span> <span class='ocrx_word' id='word_1_145' title='bbox 192 1860 259 1902; x_wconf 92' lang='lat' dir='ltr'><strong>non</strong></span> <span class='ocrx_word' id='word_1_146' title='bbox 272 1841 454 1922; x_wconf 86' lang='lat' dir='ltr'><strong>appareret</strong></span> <span class='ocrx_word' id='word_1_147' title='bbox 476 1841 608 1923; x_wconf 76' lang='lat' dir='ltr'><strong>propter</strong></span> <span class='ocrx_word' id='word_1_148' title='bbox 629 1837 773 1903; x_wconf 86' lang='lat' dir='ltr'><strong>herbam.</strong></span> <span class='ocrx_word' id='word_1_149' title='bbox 802 1843 916 1903; x_wconf 85' lang='lat' dir='ltr'><strong>contra</strong></span> <span class='ocrx_word' id='word_1_150' title='bbox 938 1839 1067 1904; x_wconf 81' lang='lat' dir='ltr'><strong>vincam</strong></span> <span class='ocrx_word' id='word_1_151' title='bbox 1076 1854 1144 1910; x_wconf 85' lang='lat' dir='ltr'>VIII</span> 
     </span>
     <span class='ocr_line' id='line_1_20' title="bbox 55 1925 855 2010; baseline 0 -20"><span class='ocrx_word' id='word_1_152' title='bbox 55 1930 135 1990; x_wconf 91' lang='lat' dir='ltr'><strong>suut</strong></span> <span class='ocrx_word' id='word_1_153' title='bbox 158 1926 213 2010; x_wconf 91' lang='lat' dir='ltr'><strong>qui</strong></span> <span class='ocrx_word' id='word_1_154' title='bbox 236 1929 507 2008; x_wconf 89' lang='lat' dir='ltr'><strong>putent-sumptu</strong></span> <span class='ocrx_word' id='word_1_155' title='bbox 528 1926 671 1991; x_wconf 86' lang='lat' dir='ltr'><strong>fructum</strong></span> <span class='ocrx_word' id='word_1_156' title='bbox 694 1925 855 1990; x_wconf 87' lang='lat' dir='ltr'><strong>devorare.</strong></span> 
     </span>
    </p>

    <p class='ocr_par' dir='ltr' id='par_1_6' title="bbox 10 2014 1070 2453">
     <span class='ocr_line' id='line_1_21' title="bbox 10 2014 1070 2099; baseline -0.005 -15"><span class='ocrx_word' id='word_1_157' title='bbox 10 2045 39 2085; x_wconf 84' lang='lat' dir='ltr'><strong>ro</strong></span> <span class='ocrx_word' id='word_1_158' title='bbox 149 2014 269 2092; x_wconf 87' lang='lat' dir='ltr'><strong>Refert,</strong></span> <span class='ocrx_word' id='word_1_159' title='bbox 291 2015 433 2098; x_wconf 89' lang='lat' dir='ltr'><strong>inquam,</strong></span> <span class='ocrx_word' id='word_1_160' title='bbox 457 2015 544 2098; x_wconf 91' lang='lat' dir='ltr'><strong>quod</strong></span> <span class='ocrx_word' id='word_1_161' title='bbox 562 2035 664 2099; x_wconf 84' lang='lat' dir='ltr'><strong>genus</strong></span> <span class='ocrx_word' id='word_1_162' title='bbox 683 2015 797 2079; x_wconf 86' lang='lat' dir='ltr'><strong>vineae</strong></span> <span class='ocrx_word' id='word_1_163' title='bbox 819 2014 871 2098; x_wconf 87' lang='lat' dir='ltr'><strong>sit,</strong></span> <span class='ocrx_word' id='word_1_164' title='bbox 890 2015 973 2098; x_wconf 90' lang='lat' dir='ltr'><strong>quod</strong></span> <span class='ocrx_word' id='word_1_165' title='bbox 993 2019 1070 2080; x_wconf 86' lang='lat' dir='ltr'><strong>sunt</strong></span> 
     </span>
     <span class='ocr_line' id='line_1_22' title="bbox 55 2102 1070 2187; baseline -0.001 -19"><span class='ocrx_word' id='word_1_166' title='bbox 55 2103 181 2168; x_wconf 87' lang='lat' dir='ltr'><strong>multae</strong></span> <span class='ocrx_word' id='word_1_167' title='bbox 209 2103 333 2187; x_wconf 87' lang='lat' dir='ltr'><strong>species</strong></span> <span class='ocrx_word' id='word_1_168' title='bbox 362 2102 439 2166; x_wconf 90' lang='lat' dir='ltr'><strong>eius.</strong></span> <span class='ocrx_word' id='word_1_169' title='bbox 485 2103 568 2167; x_wconf 87' lang='lat' dir='ltr'><strong>aliae</strong></span> <span class='ocrx_word' id='word_1_170' title='bbox 596 2103 688 2167; x_wconf 90' lang='lat' dir='ltr'><strong>euim&#39;</strong></span> <span class='ocrx_word' id='word_1_171' title='bbox 708 2102 847 2167; x_wconf 88' lang='lat' dir='ltr'><strong>humiles</strong></span> <span class='ocrx_word' id='word_1_172' title='bbox 875 2125 912 2167; x_wconf 90' lang='lat' dir='ltr'><strong>ao</strong></span> <span class='ocrx_word' id='word_1_173' title='bbox 936 2103 1006 2167; x_wconf 87' lang='lat' dir='ltr'><strong>sine</strong></span> <span class='ocrx_word' id='word_1_174' title='bbox 1028 2104 1070 2168; x_wconf 93' lang='lat' dir='ltr'><strong>ri-</strong></span> 
     </span>
     <span class='ocr_line' id='line_1_23' title="bbox 55 2190 1069 2277; baseline 0 -21"><span class='ocrx_word' id='word_1_175' title='bbox 55 2192 148 2276; x_wconf 89' lang='lat' dir='ltr'><strong>diois,</strong></span> <span class='ocrx_word' id='word_1_176' title='bbox 171 2193 264 2256; x_wconf 90' lang='lat' dir='ltr'><strong>utin</strong></span> <span class='ocrx_word' id='word_1_177' title='bbox 286 2191 456 2275; x_wconf 90' lang='lat' dir='ltr'><strong>Hispania,</strong></span> <span class='ocrx_word' id='word_1_178' title='bbox 479 2191 561 2255; x_wconf 88' lang='lat' dir='ltr'><strong>aliae</strong></span> <span class='ocrx_word' id='word_1_179' title='bbox 585 2190 751 2272; x_wconf 89' lang='lat' dir='ltr'><strong>sublimes,</strong></span> <span class='ocrx_word' id='word_1_180' title='bbox 775 2192 835 2270; x_wconf 89' lang='lat' dir='ltr'><strong>[ut]</strong></span> <span class='ocrx_word' id='word_1_181' title='bbox 856 2212 937 2275; x_wconf 88' lang='lat' dir='ltr'><strong>quae</strong></span> <span class='ocrx_word' id='word_1_182' title='bbox 961 2193 1069 2277; x_wconf 90' lang='lat' dir='ltr'><strong>appel-</strong></span> 
     </span>
     <span class='ocr_line' id='line_1_24' title="bbox 55 2278 1070 2364; baseline 0 -19"><span class='ocrx_word' id='word_1_183' title='bbox 55 2282 168 2346; x_wconf 89' lang='lat' dir='ltr'><strong>lantur</strong></span> <span class='ocrx_word' id='word_1_184' title='bbox 191 2280 336 2364; x_wconf 85' lang='lat' dir='ltr'><strong>iugatae,</strong></span> <span class='ocrx_word' id='word_1_185' title='bbox 363 2283 400 2343; x_wconf 89' lang='lat' dir='ltr'><strong>ut</strong></span> <span class='ocrx_word' id='word_1_186' title='bbox 426 2280 597 2363; x_wconf 89' lang='lat' dir='ltr'><strong>pleraeque</strong></span> <span class='ocrx_word' id='word_1_187' title='bbox 624 2279 659 2342; x_wconf 91' lang='lat' dir='ltr'><strong>in</strong></span> <span class='ocrx_word' id='word_1_188' title='bbox 681 2278 786 2342; x_wconf 87' lang='lat' dir='ltr'><strong>Italia.</strong></span> <span class='ocrx_word' id='word_1_189' title='bbox 831 2280 922 2342; x_wconf 88' lang='lat' dir='ltr'><strong>cuius</strong></span> <span class='ocrx_word' id='word_1_190' title='bbox 949 2281 1070 2361; x_wconf 72' lang='lat' dir='ltr'><strong>perceris</strong></span> 
     </span>
     <span class='ocr_line' id='line_1_25' title="bbox 56 2365 1068 2453; baseline -0.002 -20"><span class='ocrx_word' id='word_1_191' title='bbox 56 2369 192 2433; x_wconf 90' lang='lat' dir='ltr'><strong>nomina</strong></span> <span class='ocrx_word' id='word_1_192' title='bbox 220 2368 296 2453; x_wconf 91' lang='lat' dir='ltr'><strong>duo,</strong></span> <span class='ocrx_word' id='word_1_193' title='bbox 323 2368 518 2451; x_wconf 89' lang='lat' dir='ltr'><strong>pedamenta</strong></span> <span class='ocrx_word' id='word_1_194' title='bbox 546 2370 579 2430; x_wconf 89' lang='lat' dir='ltr'><strong>et</strong></span> <span class='ocrx_word' id='word_1_195' title='bbox 605 2366 691 2450; x_wconf 82' lang='lat' dir='ltr'><strong>iuga.</strong></span> <span class='ocrx_word' id='word_1_196' title='bbox 736 2365 865 2451; x_wconf 28' lang='lat' dir='ltr'><strong>quibus,</strong></span> <span class='ocrx_word' id='word_1_197' title='bbox 884 2369 950 2431; x_wconf 85' lang='lat' dir='ltr'><strong>stat</strong></span> <span class='ocrx_word' id='word_1_198' title='bbox 973 2368 1068 2431; x_wconf 90' lang='lat' dir='ltr'><strong>rectis</strong></span> 
     </span>
    </p>

    <p class='ocr_par' dir='ltr' id='par_1_7' title="bbox 10 2453 1163 2893">
     <span class='ocr_line' id='line_1_26' title="bbox 10 2453 1163 2540; baseline -0.005 -17"><span class='ocrx_word' id='word_1_199' title='bbox 10 2486 40 2528; x_wconf 72' lang='lat'><strong>25</strong></span> <span class='ocrx_word' id='word_1_200' title='bbox 57 2458 164 2539; x_wconf 87' lang='lat' dir='ltr'><strong>vinea,</strong></span> <span class='ocrx_word' id='word_1_201' title='bbox 182 2457 333 2521; x_wconf 86' lang='lat' dir='ltr'><strong>dicuntur</strong></span> <span class='ocrx_word' id='word_1_202' title='bbox 351 2457 558 2540; x_wconf 82' lang='lat' dir='ltr'><strong>pedamenta3</strong></span> <span class='ocrx_word' id='word_1_203' title='bbox 577 2477 659 2538; x_wconf 90' lang='lat' dir='ltr'><strong>quae</strong></span> <span class='ocrx_word' id='word_1_204' title='bbox 677 2459 863 2518; x_wconf 84' lang='lat' dir='ltr'><strong>transversa</strong></span> <span class='ocrx_word' id='word_1_205' title='bbox 881 2455 1070 2538; x_wconf 79' lang='lat' dir='ltr'><strong>iunguntur,</strong></span> <span class='ocrx_word' id='word_1_206' title='bbox 1161 2453 1163 2455; x_wconf 70' lang='grc'><strong>’</strong></span> 
     </span>
     <span class='ocr_line' id='line_1_27' title="bbox 55 2543 1099 2629; baseline -0.001 -18"><span class='ocrx_word' id='word_1_207' title='bbox 55 2547 151 2629; x_wconf 85' lang='lat' dir='ltr'><strong>iuga:</strong></span> <span class='ocrx_word' id='word_1_208' title='bbox 182 2546 222 2609; x_wconf 88' lang='lat' dir='ltr'><strong>ab</strong></span> <span class='ocrx_word' id='word_1_209' title='bbox 247 2567 284 2609; x_wconf 90' lang='lat' dir='ltr'><strong>eo</strong></span> <span class='ocrx_word' id='word_1_210' title='bbox 310 2566 435 2629; x_wconf 91' lang='lat' dir='ltr'><strong>quoque</strong></span> <span class='ocrx_word' id='word_1_211' title='bbox 458 2545 571 2609; x_wconf 85' lang='lat' dir='ltr'><strong>vineae</strong></span> <span class='ocrx_word' id='word_1_212' title='bbox 593 2545 732 2627; x_wconf 82' lang='lat' dir='ltr'><strong>iugatae.</strong></span> <span class='ocrx_word' id='word_1_213' title='bbox 776 2543 927 2627; x_wconf 82' lang='lat' dir='ltr'><strong>iugorum</strong></span> <span class='ocrx_word' id='word_1_214' title='bbox 951 2551 1099 2627; x_wconf 81' lang='lat' dir='ltr'><strong>genera2</strong></span> 
     </span>
     <span class='ocr_line' id='line_1_28' title="bbox 55 2631 1070 2718; baseline -0.001 -20"><span class='ocrx_word' id='word_1_215' title='bbox 55 2634 127 2698; x_wconf 88' lang='lat' dir='ltr'><strong>fere</strong></span> <span class='ocrx_word' id='word_1_216' title='bbox 151 2636 314 2718; x_wconf 86' lang='lat' dir='ltr'><strong>quattuor,</strong></span> <span class='ocrx_word' id='word_1_217' title='bbox 336 2632 469 2717; x_wconf 85' lang='lat' dir='ltr'><strong>pertica,</strong></span> <span class='ocrx_word' id='word_1_218' title='bbox 491 2632 654 2715; x_wconf 90' lang='lat' dir='ltr'><strong>harund0,</strong></span> <span class='ocrx_word' id='word_1_219' title='bbox 677 2634 793 2715; x_wconf 90' lang='lat' dir='ltr'><strong>restes,</strong></span> <span class='ocrx_word' id='word_1_220' title='bbox 815 2631 912 2696; x_wconf 81' lang='lat' dir='ltr'><strong>vites:</strong></span> <span class='ocrx_word' id='word_1_221' title='bbox 940 2633 1070 2718; x_wconf 85' lang='lat' dir='ltr'><strong>pertica,</strong></span> 
     </span>
     <span class='ocr_line' id='line_1_29' title="bbox 55 2718 1096 2812; baseline 0 -26"><span class='ocrx_word' id='word_1_222' title='bbox 55 2725 97 2786; x_wconf 85' lang='lat' dir='ltr'><strong>ut</strong></span> <span class='ocrx_word' id='word_1_223' title='bbox 119 2723 153 2785; x_wconf 93' lang='lat' dir='ltr'><strong>in</strong></span> <span class='ocrx_word' id='word_1_224' title='bbox 176 2720 328 2804; x_wconf 84' lang='lat' dir='ltr'><strong>Falerno,</strong></span> <span class='ocrx_word' id='word_1_225' title='bbox 354 2721 517 2802; x_wconf 87' lang='lat' dir='ltr'><strong>harundo,</strong></span> <span class='ocrx_word' id='word_1_226' title='bbox 545 2725 582 2785; x_wconf 86' lang='lat' dir='ltr'><strong>ut</strong></span> <span class='ocrx_word' id='word_1_227' title='bbox 604 2721 639 2784; x_wconf 94' lang='lat' dir='ltr'><strong>in</strong></span> <span class='ocrx_word' id='word_1_228' title='bbox 661 2718 809 2804; x_wconf 79' lang='lat' dir='ltr'><strong>Arpano,</strong></span> <span class='ocrx_word' id='word_1_229' title='bbox 836 2723 947 2804; x_wconf 89' lang='lat' dir='ltr'><strong>restes,</strong></span> <span class='ocrx_word' id='word_1_230' title='bbox 977 2724 1014 2785; x_wconf 87' lang='lat' dir='ltr'><strong>ut</strong></span> <span class='ocrx_word' id='word_1_231' title='bbox 1036 2723 1071 2786; x_wconf 91' lang='lat' dir='ltr'><strong>in</strong></span> <span class='ocrx_word' id='word_1_232' title='bbox 1093 2800 1096 2812; x_wconf 45' lang='lat'><strong>,</strong></span> 
     </span>
     <span class='ocr_line' id='line_1_30' title="bbox 56 2805 1070 2893; baseline -0.001 -18"><span class='ocrx_word' id='word_1_233' title='bbox 56 2809 266 2892; x_wconf 88' lang='lat' dir='ltr'><strong>Brundisino,</strong></span> <span class='ocrx_word' id='word_1_234' title='bbox 280 2810 373 2887; x_wconf 82' lang='lat' dir='ltr'><strong>vites,</strong></span> <span class='ocrx_word' id='word_1_235' title='bbox 388 2813 426 2873; x_wconf 86' lang='lat' dir='ltr'><strong>ut</strong></span> <span class='ocrx_word' id='word_1_236' title='bbox 432 2810 473 2874; x_wconf 86' lang='lat' dir='ltr'><strong>in</strong></span> <span class='ocrx_word' id='word_1_237' title='bbox 485 2808 730 2874; x_wconf 85' lang='lat' dir='ltr'><strong>Mediolanensi.</strong></span> <span class='ocrx_word' id='word_1_238' title='bbox 754 2809 932 2893; x_wconf 79' lang='lat' dir='ltr'><strong>ingutionis</strong></span> <span class='ocrx_word' id='word_1_239' title='bbox 948 2805 1070 2893; x_wconf 85' lang='lat' dir='ltr'><strong>specics</strong></span> 
     </span>
    </p>

    <p class='ocr_par' dir='ltr' id='par_1_8' title="bbox 10 2896 1072 3248">
     <span class='ocr_line' id='line_1_31' title="bbox 10 2896 1070 2981; baseline -0.001 -18"><span class='ocrx_word' id='word_1_240' title='bbox 10 2898 43 2972; x_wconf 65' lang='grc' dir='ltr'><strong>ω’</strong></span> <span class='ocrx_word' id='word_1_241' title='bbox 56 2899 151 2979; x_wconf 84' lang='lat' dir='ltr'><strong>duae,</strong></span> <span class='ocrx_word' id='word_1_242' title='bbox 177 2920 243 2962; x_wconf 90' lang='lat' dir='ltr'><strong>una</strong></span> <span class='ocrx_word' id='word_1_243' title='bbox 270 2898 411 2980; x_wconf 90' lang='lat' dir='ltr'><strong>derecta,</strong></span> <span class='ocrx_word' id='word_1_244' title='bbox 440 2898 534 2962; x_wconf 86' lang='lat' dir='ltr'><strong>utin</strong></span> <span class='ocrx_word' id='word_1_245' title='bbox 557 2918 636 2981; x_wconf 82' lang='lat' dir='ltr'><strong>agro</strong></span> <span class='ocrx_word' id='word_1_246' title='bbox 661 2896 841 2979; x_wconf 81' lang='lat' dir='ltr'><strong>Canusino,</strong></span> <span class='ocrx_word' id='word_1_247' title='bbox 869 2899 972 2962; x_wconf 87' lang='lat' dir='ltr'><strong>altera</strong></span> <span class='ocrx_word' id='word_1_248' title='bbox 995 2920 1070 2962; x_wconf 88' lang='lat' dir='ltr'><strong>oon-</strong></span> 
     </span>
     <span class='ocr_line' id='line_1_32' title="bbox 54 2985 1071 3072; baseline 0.001 -22"><span class='ocrx_word' id='word_1_249' title='bbox 54 2986 206 3072; x_wconf 88' lang='lat' dir='ltr'><strong>pluviata</strong></span> <span class='ocrx_word' id='word_1_250' title='bbox 228 2987 262 3051; x_wconf 92' lang='lat' dir='ltr'><strong>iu</strong></span> <span class='ocrx_word' id='word_1_251' title='bbox 284 2985 522 3071; x_wconf 72' lang='lat' dir='ltr'><strong>longitudinem</strong></span> <span class='ocrx_word' id='word_1_252' title='bbox 546 2990 579 3050; x_wconf 89' lang='lat' dir='ltr'><strong>et</strong></span> <span class='ocrx_word' id='word_1_253' title='bbox 600 2986 805 3050; x_wconf 87' lang='lat' dir='ltr'><strong>latitudinem</strong></span> <span class='ocrx_word' id='word_1_254' title='bbox 826 2987 954 3072; x_wconf 84' lang='lat' dir='ltr'><strong>iugata,</strong></span> <span class='ocrx_word' id='word_1_255' title='bbox 976 2990 1014 3051; x_wconf 89' lang='lat' dir='ltr'><strong>ut</strong></span> <span class='ocrx_word' id='word_1_256' title='bbox 1036 2987 1071 3051; x_wconf 90' lang='lat' dir='ltr'><strong>in</strong></span> 
     </span>
     <span class='ocr_line' id='line_1_33' title="bbox 54 3074 1071 3160; baseline -0.002 -20"><span class='ocrx_word' id='word_1_257' title='bbox 54 3074 159 3140; x_wconf 88' lang='lat' dir='ltr'><strong>Italia</strong></span> <span class='ocrx_word' id='word_1_258' title='bbox 179 3076 360 3160; x_wconf 86' lang='lat' dir='ltr'><strong>pleraeque.</strong></span> <span class='ocrx_word' id='word_1_259' title='bbox 387 3074 468 3138; x_wconf 87' lang='lat' dir='ltr'><strong>haec</strong></span> <span class='ocrx_word' id='word_1_260' title='bbox 490 3074 547 3139; x_wconf 81' lang='lat' dir='ltr'><strong>ubi</strong></span> <span class='ocrx_word' id='word_1_261' title='bbox 566 3074 661 3140; x_wconf 90' lang='lat' dir='ltr'><strong>domo</strong></span> <span class='ocrx_word' id='word_1_262' title='bbox 680 3077 868 3158; x_wconf 86' lang='lat' dir='ltr'><strong>nascuntur,</strong></span> <span class='ocrx_word' id='word_1_263' title='bbox 890 3075 986 3140; x_wconf 85' lang='lat' dir='ltr'><strong>vinea</strong></span> <span class='ocrx_word' id='word_1_264' title='bbox 1004 3095 1071 3138; x_wconf 95' lang='lat' dir='ltr'><strong>non</strong></span> 
     </span>
     <span class='ocr_line' id='line_1_34' title="bbox 55 3162 1072 3248; baseline -0.003 -19"><span class='ocrx_word' id='word_1_265' title='bbox 55 3163 178 3229; x_wconf 86' lang='lat' dir='ltr'><strong>metuit</strong></span> <span class='ocrx_word' id='word_1_266' title='bbox 201 3167 379 3248; x_wconf 80' lang='lat' dir='ltr'><strong>sumptum3</strong></span> <span class='ocrx_word' id='word_1_267' title='bbox 414 3163 471 3227; x_wconf 91' lang='lat' dir='ltr'><strong>ubi</strong></span> <span class='ocrx_word' id='word_1_268' title='bbox 495 3164 599 3228; x_wconf 88' lang='lat' dir='ltr'><strong>multa</strong></span> <span class='ocrx_word' id='word_1_269' title='bbox 622 3185 661 3227; x_wconf 83' lang='lat' dir='ltr'><strong>ex</strong></span> <span class='ocrx_word' id='word_1_270' title='bbox 683 3163 865 3246; x_wconf 88' lang='lat' dir='ltr'><strong>propinqua</strong></span> <span class='ocrx_word' id='word_1_271' title='bbox 887 3162 975 3245; x_wconf 82' lang='lat' dir='ltr'><strong>villa,</strong></span> <span class='ocrx_word' id='word_1_272' title='bbox 1005 3183 1072 3226; x_wconf 91' lang='lat' dir='ltr'><strong>non</strong></span> 
     </span>
    </p>
   </div>
   <div class='ocr_carea' id='block_1_3' title="bbox 54 3317 1071 3462">
    <p class='ocr_par' dir='ltr' id='par_1_9' title="bbox 54 3317 1071 3462">
     <span class='ocr_line' id='line_1_35' title="bbox 151 3317 1071 3389; baseline 0.001 -18"><span class='ocrx_word' id='word_1_273' title='bbox 151 3318 301 3387; x_wconf 87' lang='lat' dir='ltr'><strong>laliquod</strong></span> <span class='ocrx_word' id='word_1_274' title='bbox 380 3319 493 3373; x_wconf 82' lang='lat' dir='ltr'><strong>9ortus</strong></span> <span class='ocrx_word' id='word_1_275' title='bbox 570 3325 603 3373; x_wconf 79' lang='lat'><strong>23</strong></span> <span class='ocrx_word' id='word_1_276' title='bbox 623 3317 733 3389; x_wconf 79' lang='lat' dir='ltr'><strong>generis</strong></span> <span class='ocrx_word' id='word_1_277' title='bbox 751 3333 801 3372; x_wconf 86' lang='lat' dir='ltr'><strong>om.</strong></span> <span class='ocrx_word' id='word_1_278' title='bbox 880 3323 914 3371; x_wconf 83' lang='lat'><strong>33</strong></span> <span class='ocrx_word' id='word_1_279' title='bbox 933 3317 1023 3372; x_wconf 89' lang='lat' dir='ltr'><strong>multa</strong></span> <span class='ocrx_word' id='word_1_280' title='bbox 1042 3320 1071 3372; x_wconf 87' lang='lat' dir='ltr'><strong>et</strong></span> 
     </span>
     <span class='ocr_line' id='line_1_36' title="bbox 54 3389 579 3462; baseline 0 -19"><span class='ocrx_word' id='word_1_281' title='bbox 54 3389 218 3462; x_wconf 85' lang='lat' dir='ltr'><strong>propinqua</strong></span> <span class='ocrx_word' id='word_1_282' title='bbox 236 3391 335 3443; x_wconf 88' lang='lat' dir='ltr'><strong>uillam</strong></span> <span class='ocrx_word' id='word_1_283' title='bbox 572 3396 579 3406; x_wconf 88' lang='lat'><strong><em>‘</em></strong></span> 
     </span>
    </p>
   </div>
   <div class='ocr_carea' id='block_1_4' title="bbox 151 3508 1072 3600">
    <p class='ocr_par' dir='ltr' id='par_1_10' title="bbox 151 3508 1072 3600">
     <span class='ocr_line' id='line_1_37' title="bbox 151 3508 1072 3600; baseline 0 -15"><span class='ocrx_word' id='word_1_284' title='bbox 151 3508 185 3585; x_wconf 71' lang='lat' dir='ltr'><strong>ld</strong></span> <span class='ocrx_word' id='word_1_285' title='bbox 203 3548 221 3586; x_wconf 89' lang='lat' dir='ltr'><strong>a</strong></span> <span class='ocrx_word' id='word_1_286' title='bbox 238 3547 292 3600; x_wconf 90' lang='lat' dir='ltr'><strong>quo</strong></span> <span class='ocrx_word' id='word_1_287' title='bbox 311 3529 454 3600; x_wconf 84' lang='lat' dir='ltr'><strong>antiquio</strong></span> <span class='ocrx_word' id='word_1_288' title='bbox 554 3537 588 3585; x_wconf 87' lang='lat'><strong>33</strong></span> <span class='ocrx_word' id='word_1_289' title='bbox 608 3546 642 3584; x_wconf 87' lang='lat' dir='ltr'><strong>ex</strong></span> <span class='ocrx_word' id='word_1_290' title='bbox 659 3510 817 3600; x_wconf 80' lang='lat' dir='ltr'><strong>propinqua</strong></span> <span class='ocrx_word' id='word_1_291' title='bbox 834 3529 905 3584; x_wconf 87' lang='lat' dir='ltr'><strong>uilla</strong></span> <span class='ocrx_word' id='word_1_292' title='bbox 924 3531 1072 3585; x_wconf 76' lang='lat' dir='ltr'><strong>Iucundos</strong></span> 
     </span>
    </p>
   </div>
   <div class='ocr_carea' id='block_1_5' title="bbox 0 0 1230 3938">
    <p class='ocr_par' dir='ltr' id='par_1_11' title="bbox 0 0 1230 3938">
     <span class='ocr_line' id='line_1_38' title="bbox 0 0 1230 3938; baseline 0 0"><span class='ocrx_word' id='word_1_293' title='bbox 0 0 1230 3938; x_wconf 95' lang='lat' dir='ltr'><strong> </strong></span> 
     </span>
    </p>
   </div>
  </div>
 </body>
</html>
