2452 3938
285 163 416 221 RERVM
434 163 673 257 Rvsrlcnavn
692 166 761 223 LIB.
776 166 803 222 11
819 171 850 222 11
1014 166 1077 231 119

58 311 193 377 nomine
218 310 349 395 quidam
372 310 423 375 bis
447 315 558 376 secant
587 315 692 394 prata
739 311 961 396 diligentiores
990 315 1079 397 tege·

57 399 169 465 ticulis
188 399 343 464 subiectis
363 420 439 464 oves
458 399 593 464 tondere
613 401 728 485 solent,
750 399 848 485 nequi
869 399 960 465 flocci
978 399 1078 465 inter·

58 491 144 553 eant.
198 489 266 553 dies
295 488 335 553 ad
363 509 436 552 eam
464 509 532 553 rem
562 494 732 553 sumuntur
762 489 879 571 sereni,
915 487 1014 553 otiis
1044 489 1078 553 id
1111 497 1129 554 9

59 577 187 642 faciunt
209 576 277 640 fere
301 599 320 641 a
343 579 459 660 quarta
483 576 523 641 ad
546 577 716 642 decimam:
746 599 819 642 cum
839 577 907 642 sole
927 576 1078 642 calidiore

30 669 168 749 stonsa,
198 687 236 730 ex
269 666 384 730 sudore
408 665 476 729 eius
500 666 577 730 lana
598 667 638 730 fit
659 666 789 730 mollior
812 670 844 730 et
866 665 1078 748 ponderosior

58 758 95 819 et
127 755 236 819 colore
268 755 409 820 meliore.
455 776 552 837 quam
585 754 750 837 demptam
778 776 816 819 ao
846 754 1077 839 conglobatam

59 842 120 907 alii
142 844 272 925 vellera,
295 842 354 907 alii
376 842 536 907 velamina
559 842 737 927 appellant:
771 863 894 927 exque
918 843 1078 908 vocabulo

59 930 278 996 animadverti
305 932 381 995 licet
403 932 493 1016 prius
517 933 552 996 io
579 933 655 996 lana
683 933 850 997 vulsuram
880 953 977 1015 quam
1005 935 1078 996 ton·

58 1040 172 1084 suram
195 1019 371 1084 inventam.
408 1020 462 1102 qui
481 1020 580 1085 etiarn
603 1042 690 1085 nunc
713 1022 846 1103 vellunt,
870 1023 947 1084 ante
970 1020 1078 1084 triduo

17 1128 43 1168 rc
58 1107 188 1173 habent
214 1109 351 1192 ieiunas,
379 1108 464 1190 quod
491 1109 663 1193 languidae
691 1111 798 1174 minus
827 1130 925 1195 aegre
954 1108 1078 1173 radices

58 1198 157 1263 lanae
181 1197 330 1262 retinent.
377 1195 517 1262 Omnino
545 1203 694 1262 tonsores
725 1199 759 1262 in
781 1197 912 1262 ltaliam
936 1198 1077 1281 primum
1090 1205 1132 1264 10

56 1286 190 1372 uenisse
223 1306 262 1360 ex
290 1284 401 1350 Sicilia
433 1285 584 1350 dicuntur
615 1308 647 1370 p.
675 1286 713 1350 R.
742 1307 767 1350 o.
791 1308 819 1352 a.
843 1303 1010 1372 coccam,
1042 1291 1080 1350 ut

59 1374 220 1457 scriptum
248 1373 281 1438 in
296 1373 438 1459 ‘publico
463 1373 588 1438 Ardeae
617 1375 651 1437 in
678 1373 796 1437 litteris
827 1377 932 1458 extat,
960 1396 1080 1458 eosque

59 1461 235 1527 adduxisse
262 1461 413 1526 Publium
446 1463 603 1528 Titinium
632 1461 772 1526 Menam.
819 1462 897 1527 olim
930 1465 1079 1527 tonsores

17 1568 45 1611 ιε
60 1572 132 1616 non
166 1549 268 1615 fuisse
307 1550 540 1634 adsignificant
571 1551 779 1634 antiquorum
813 1554 956 1634 statuae,
994 1550 1079 1634 quod

58 1640 234 1724 pleraeque
262 1638 385 1703 habent
408 1640 561 1722 capillum
589 1642 622 1704 et
649 1639 787 1703 barbam
810 1660 974 1724 magnam.
1020 1635 1129 1704 Su-ll

60 1727 161 1811 acipit
188 1725 370 1809 Cossinius,
408 1726 563 1793 Fructum
591 1731 629 1792 ut
656 1728 726 1793 ovis
755 1750 772 1791 e
804 1728 881 1792 lana
911 1727 952 1792 ad
979 1728 1078 1792 vesti-

59 1819 218 1898 mentum,
242 1815 288 1881 sic
307 1837 405 1899 capra
423 1837 440 1880 e
457 1817 535 1900 pilis
554 1817 723 1882 ministrat
741 1817 782 1881 ad
800 1839 894 1882 usum
912 1817 1080 1882 nauticum

60 1908 95 1968 et
123 1904 165 1969 ad
193 1905 308 1969 bellica
335 1908 498 1971 tormenta
526 1909 559 1970 et
585 1905 718 1970 fabrilia
746 1928 852 1970 vasa
879 1927 982 1988 neque
1014 1927 1079 1969 non

17 2012 46 2053 so
61 1992 223 2078 quaedam
247 1993 395 2058 nationes
418 1993 536 2058 harum
559 1994 700 2077 pellibus
724 1997 801 2057 srmt
821 1993 967 2070 vestitae,
989 1995 1027 2056 ut
1045 1992 1080 2055 in
1179 2006 1182 2013 ’

60 2081 216 2147 Gaetulia
253 2085 287 2145 et
318 2082 352 2145 in
386 2080 543 2146 Sardinia.
590 2083 679 2146 cuius
712 2103 806 2145 usum
840 2085 920 2164 aput
953 2081 1079 2145 anticos

61 2191 192 2254 qnoque
225 2169 365 2235 Graecos
397 2169 497 2234 fuisse
531 2173 685 2253 apparet,
717 2169 804 2252 quod
835 2170 869 2233 in
901 2168 1079 2252 tragoediis

61 2279 157 2324 senes
182 2258 223 2322 ab
246 2258 308 2324 hac
330 2259 415 2343 pelle
438 2263 595 2323 vocantur
614 2257 818 2340 diphtheriae
841 2257 930 2322 etin
954 2279 1079 2323 comoe-

61 2347 126 2411 diis
151 2347 206 2431 qui
228 2346 263 2410 in
285 2348 408 2411 rustico
432 2367 528 2430 opere
550 2349 727 2429 morantur,
750 2350 786 2409 ut
806 2349 885 2429 aput
904 2343 1079 2410 Caecilium

20 2454 48 2495 as
62 2436 99 2498 in
125 2434 387 2520 Hypobolimaeo
415 2436 515 2499 habet
547 2435 735 2499 adulescens
742 2485 766 2517 ‚.
784 2436 864 2518 aput
892 2432 1079 2496 Terentium

62 2525 98 2589 in
117 2522 485 2589 Heautontimorumeno
505 2545 609 2587 senex.
641 2523 825 2606 tondentur,
844 2521 930 2606 quod
949 2521 1079 2605 magnis
1092 2529 1132 2586 12

62 2611 151 2677 villis
175 2616 261 2696 sunt,
284 2613 319 2676 in
341 2633 461 2697 magna
483 2615 575 2695 parte
598 2610 774 2696 Phrygiae,
811 2611 895 2676 unde
918 2609 1025 2675 cilicia
1047 2613 1081 2673 et

62 2703 172 2766 cetera
195 2702 264 2765 eius
288 2702 416 2786 generis
440 2702 546 2765 solent
567 2701 646 2765 fieri.
692 2700 746 2765 sed
767 2701 852 2784 quod
875 2699 1016 2782 primum
1043 2721 1081 2764 ea

60 2792 200 2854 tonsura
222 2790 257 2853 in
276 2788 390 2855 Cilicia
413 2790 457 2854 sit
478 2789 641 2872 instituta,
663 2811 783 2854 nomen
805 2789 838 2853 id
858 2787 976 2853 Cilicas
996 2787 1080 2853 adie-

20 2896 48 2937 ao
63 2878 148 2943 cisse
172 2878 290 2943 dicunt.

156 3070 342 3141 tvelamina]
362 3070 498 3124 uellimna
569 3069 776 3138 qno]·quorum
837 3067 867 3120 in
885 3084 946 3122 oms
999 3064 1081 3146 ¹.¹.l¹¹

62 3141 147 3196 italia
220 3147 253 3196 12
274 3158 307 3195 ex
326 3139 421 3196 cilicia
498 3143 532 3191 14
549 3139 679 3193 ticinium
698 3153 827 3192 maenam
906 3141 1081 3190 recusimus

64 3217 99 3267 18
119 3227 219 3281 caprae
238 3213 312 3282 pilus
372 3212 524 3266 sonorum
579 3215 611 3263 21
632 3208 764 3277 antiquos
783 3208 905 3277 (anticos
922 3207 979 3261 cod.
1001 3207 1081 3278 Par.)
1136 3244 1139 3250 -

63 3289 99 3337 26
118 3284 252 3364 tondetur

156 3447 172 3496 7
195 3442 338 3497 uelamina
360 3459 387 3496 m
410 3447 435 3496 et
458 3441 581 3511 Scaliger
604 3440 674 3494 coni.
698 3440 731 3493 a'a
757 3437 837 3492 Vorr.
861 3437 893 3490 de
916 3436 933 3491 l.
953 3437 970 3491 l.
999 3435 1026 3489 V
1045 3438 1082 3489 84
1128 3500 1136 3514 ι

59 3517 144 3583 1237
217 3518 249 3567 12
270 3530 303 3568 ex
323 3512 453 3568 Siciliae
526 3518 560 3566 20
579 3513 712 3566 haruma
785 3513 819 3563 2ss
837 3508 1023 3563 tondentura
