2452 3938
347 165 477 222 RERVM
495 166 732 223 avsucaavn
750 169 818 224 LIB.
837 169 851 222 I
1082 171 1104 236 5

180 314 250 377 tere
273 333 376 396 usquc
400 311 441 376 ad
463 312 620 381 brumam.
643 314 740 378 medii
759 319 837 379 sunt
855 315 922 380 dies
941 315 1024 382 XOI.
1045 337 1105 382 nec

182 404 258 466 ante
283 401 521 484 aequinoctium
541 423 645 485 neque
664 406 741 486 post
758 402 908 468 brumam
928 405 992 469 seri
1011 427 1104 489 opor-

181 493 259 554 tere.
306 489 417 554 fabam
446 490 568 573 optime
596 490 659 555 seri
686 492 721 555 in
750 493 960 577 vergiliarum
989 515 1105 558 occasu

182 576 231 642 VI
263 578 336 643 idus
368 577 579 643 Novembres.
624 579 820 645 vindemiam
852 582 923 646 fieri
956 586 1105 666 oportere

23 665 26 668 ’
61 711 64 717 ,
182 668 268 732 inter
300 667 539 754 aequinoctium
573 669 760 733 autumnale
792 669 824 735 V
856 671 918 734 kal.
947 669 1105 736 Octobres

182 759 216 820 et
227 755 437 841 vergiliarum
453 777 601 822 occasum
611 755 659 822 VI
673 757 745 821 idus
760 756 970 827 Novembres.
989 758 1105 824 deinde

181 845 265 909 vites
297 844 408 929 putari
435 848 468 909 et
495 846 673 931 propagari
700 849 733 909 et
761 847 825 911 seri
851 869 950 931 poma
977 846 1104 933 frigidis

180 934 262 999 locis
286 955 359 997 vere

10 1002 19 1083 t
92 1021 239 1107 Septimo
262 1022 435 1087 intervallo
463 1023 549 1086 inter
570 1023 781 1106 vergiliarum
805 1045 953 1088 occasum
977 1023 1105 1088 Vidua

10 1150 14 1191 2
55 1131 79 1173 ro
180 1109 384 1176 Novembres
409 1113 441 1175 et
464 1112 613 1176 brumam
637 1110 718 1177 VIII
740 1112 802 1176 kal.
826 1112 994 1178 Ianuarias
1022 1134 1105 1197 quae

10 1211 14 1217 '
180 1199 252 1264 fieri
267 1203 429 1283 oporteat

10 1266 13 1355 l
91 1288 216 1354 Octavo
244 1288 416 1354 intervallo
443 1288 530 1352 inter
556 1289 705 1353 brumam
736 1287 817 1353 VIII
844 1290 908 1356 kal.
935 1289 1104 1355 Ianuarias

10 1374 16 1435 l
182 1380 216 1440 et
232 1375 445 1441 favoniumV
463 1376 535 1440 idus
554 1375 747 1440 Februarias
767 1399 848 1461 quae
867 1379 937 1442 fieri
956 1381 1105 1461 oporteat

10 1463 13 1483 ²
91 1465 141 1530 De
164 1465 333 1537 lunaribus
360 1464 473 1529 diebus

10 1578 20 1627 ,s
55 1553 141 1619 1cDe
166 1554 271 1618 altera
300 1557 484 1638 temporum
511 1552 665 1616 divisione
689 1552 861 1617 coniuncta
884 1575 957 1618 cum
981 1554 1048 1618 sole
1072 1556 1105 1618 et

182 1643 261 1706 luna
284 1645 317 1706 et
338 1642 478 1706 habente
503 1664 559 1706 sex
581 1645 690 1724 partes

10 1740 20 1798 ἵ,
89 1732 140 1796 De
170 1735 321 1796 stercore.
367 1730 567 1795 stercilinum
594 1753 657 1814 quo
685 1731 757 1795 loco
784 1730 968 1796 faciendum
991 1731 1043 1814 sit,
1070 1729 1105 1795 in

183 1841 246 1902 quo
273 1818 379 1883 medio
409 1819 437 1882 si
463 1820 600 1884 robusta
627 1819 763 1883 materia
791 1821 834 1884 sit
862 1820 1012 1904 depacta,
1039 1841 1106 1884 non

182 1907 273 1972 nasci
297 1912 477 1991 serpentem

54 2017 78 2057 ro
93 1995 256 2073 Quattuor
279 2016 349 2061 esse
373 2018 492 2081 genera
516 1996 687 2079 seminum,
716 1999 749 2061 et
773 2018 853 2080 quae
877 2016 998 2081 quoque
1024 1998 1106 2059 tem·

183 2106 261 2169 pore
284 2085 419 2168 locoque
443 2085 581 2149 debeant
605 2086 668 2149 seri

91 2172 182 2249 Quae
207 2173 273 2237 sint
297 2193 415 2257 genera
438 2175 612 2256 seminum,
640 2178 673 2237 et
695 2195 788 2256 quem
814 2173 853 2237 ad
877 2172 1009 2237 modum
1032 2193 1106 2256 pro-

182 2263 298 2414 pagari
335 2261 487 2413 ‘lebdeanll
505 2266 557 2415 tet
593 2262 708 2345 quibus
743 2261 945 2345 temporibus
978 2281 1105 2345 quoque

197 2371 255 2415 oco
303 2371 387 2416 ouen
412 2373 430 2415 a
454 2373 505 2416 sm
542 2369 544 2375 ·

18 2493 25 2505 Ι
56 2438 144 2504 rsDe
167 2373 371 2522 rempollbus
399 2438 696 2506 transferendorum
725 2437 941 2521 surculorum,
968 2440 1001 2500 et
1024 2457 1105 2519 quae

185 2527 251 2592 sint
273 2531 350 2611 post
373 2529 532 2592 sationem
556 2527 758 2592 observanda

92 2614 143 2680 De
166 2615 283 2681 melica

91 2703 143 2767 De
166 2705 273 2788 cytiso

10 2814 12 2879 j
94 2791 236 2868 Quoteni
255 2792 355 2859 modii
375 2797 525 2858 serantur
542 2793 576 2856 in
595 2793 708 2877 iugero
726 2792 832 2875 fabae,
852 2791 964 2877 lutici,
984 2790 1107 2873 hordei,

10 2898 15 2951 5
54 2897 80 2936 ³0
182 2881 279 2946 larris

10 2974 13 3059 ζ
92 2967 172 3034 Sata
197 2973 297 3054 quota
320 2991 463 3055 quaeque
488 2969 537 3033 die
560 2969 720 3053 prodeant
744 2968 782 3033 de
806 2972 893 3032 terra

10 3080 13 3138 ᾗ
90 3056 144 3122 Ex
167 3059 285 3142 quibus
308 3057 395 3123 loliis
419 3058 572 3144 cognosci
596 3059 723 3142 possint
746 3058 822 3122 anni
844 3061 993 3140 tempora

93 3144 196 3222 Quem
221 3146 261 3210 ad
285 3147 417 3212 modum
441 3153 514 3211 sata
538 3147 604 3210 sint
626 3146 746 3211 tuenda

10 3264 14 3321 ¹,
93 3235 184 3312 Quae
206 3235 241 3300 in
265 3236 355 3318 spica
378 3235 445 3299 sint
467 3235 681 3300 vocabulaet
704 3256 820 3298 causae
844 3254 955 3298 eorum

184 3453 217 3501 16
235 3443 370 3516 habente]
389 3443 522 3500 habentis
582 3411 624 3498 '¹17
644 3443 838 3513 sterquilinam
907 3449 941 3497 20
961 3459 1032 3513 quae
1052 3459 1108 3511 quo

18 3572 21 3577 ,
93 3518 220 3587 tempore
239 3516 303 3570 loco
321 3518 354 3570 ut
372 3516 493 3571 debeant
564 3522 598 3571 25
619 3531 690 3584 quae
708 3513 818 3586 possint
837 3517 920 3584 (quae
939 3513 996 3568 sint
1018 3514 1053 3582 V)
