2452 3938
40 126 42 132 ’
158 147 343 204 VARRONIS
363 147 492 202 suern
510 146 748 202 avsncsuvn
767 148 835 203 616.
850 149 908 203 111
1003 136 1042 212 71

40 294 231 360 rindemiam
259 294 426 358 condimus
455 315 498 380 ex·
521 293 628 357 insula
652 290 720 358 Coa
743 298 776 359 66
799 291 891 358 01116.
936 294 1076 378 itaquel

40 407 67 447 ,6
95 405 160 467 qua
189 387 275 447 terra
302 383 462 447 culturam
490 381 561 464 agri
589 383 767 446 docuerunt
794 387 942 465 pastores
970 405 1046 467 pro-

40 473 162 557 geniem
185 493 287 553 suam,
310 471 365 555 qui
388 469 600 535 condiderunt
622 470 744 554 urbem,
766 471 813 535 ibi
837 474 951 536 contra
971 494 1045 556 pro-

40 561 145 645 genies
165 581 277 624 eorum
295 563 428 643 propter
447 559 619 624 avaritiam
639 563 751 623 contra
769 560 858 644 leges
876 582 915 624 ex
929 560 1045 644 segeti·

40 649 188 713 66616616
207 652 311 733 prata,
329 649 517 732 ignorantes
533 669 600 712 non
613 647 699 711 idem
713 670 783 713 esse
798 647 1045 732 agriculturam

40 743 63 802 et
96 738 291 820 pastionem.
343 737 424 800 alius
457 736 544 801 enim
577 736 676 821 opilio
709 740 743 800 et
774 740 892 819 arator,
920 750 988 821 666,ι
1017 737 1046 801 61

40 829 171 909 6666666
193 826 227 889 16
252 847 331 911 agro
355 825 444 908 pasci
466 831 616 908 armentu,
640 826 855 890 armentarius
877 847 946 890 non
965 826 1047 891 aliut

40 938 68 980 rc
93 915 262 980 bubulcus.
300 918 481 979 armentum
506 914 592 979 enim
615 913 647 977 id
672 914 757 998 quod
780 915 815 978 16
833 934 912 998 agro
932 918 1045 978 natum

40 1026 97 1068 ron
128 1007 229 1086 creat,
261 1003 317 1067 sed
350 1003 440 1066 tollit
469 1002 629 1067 dentibus.
676 1007 790 1068 contra
816 1005 876 1068 bos
905 1003 1045 1067 domitus

40 1114 132 1156 rausa
154 1091 193 1155 fit
214 1094 251 1155 ut
275 1092 474 1156 commodius
495 1095 648 1156 nascatur
666 1092 863 1156 frumentum
881 1091 916 1155 in
936 1096 1045 1176 segete

40 1185 64 1245 66
87 1180 245 1264 pabulum
268 1179 303 1243 in
324 1180 443 1245 novali.
490 1181 561 1264 alia,
584 1181 725 1264 inquam,
748 1181 1076 1246 6661666661666165
1113 1239 1116 1243 .

40 1269 148 1352 :oloni,
168 1269 231 1341 alia
251 1269 407 1353 pastoris:
427 1269 533 1332 coloni
548 1291 585 1332 66
601 1290 682 1351 quac
697 1269 767 1352 agri
783 1270 910 1334 cultura
922 1271 1045 1334 factum

40 1362 67 1422 rt
90 1360 303 1421 nascerentur
327 1379 344 1421 6
366 1361 466 1440 terra,
495 1360 608 1421 contra
635 1358 776 1439 pastoris
801 1380 839 1422 ea
863 1380 944 1442 quae
968 1362 1046 1423 nata

40 1469 70 1511 rx
89 1468 216 1530 pecore.
262 1468 398 1530 quarum
422 1447 576 1529 quoniam
600 1446 739 1508 societas
761 1445 848 1508 inter
865 1467 900 1508 se
919 1467 1046 1530 magna,

40 1539 204 1619 66666666
230 1536 315 1618 quod
347 1535 504 1619 pabulum
538 1535 573 1597 in
600 1532 707 1616 fundo
729 1554 921 1616 conpascere
949 1556 1046 1617 quam

40 1624 169 1688 rendere
202 1624 390 1709 plerumque
426 1623 530 1707 magis
565 1622 694 1705 expedit
727 1622 858 1686 domino
893 1621 985 1686 fundi
1015 1627 1047 1686 66

40 1713 225 1777 6616666616
249 1712 289 1776 ad
311 1712 436 1776 fructus
459 1715 631 1776 terrestres
656 1710 826 1794 aptissima
845 1715 878 1775 66
897 1734 1046 1776 maxume

40 1801 72 1865 sd
95 1801 130 1864 id
157 1821 254 1884 pecus
284 1801 482 1885 adpositum,
511 1801 568 1884 qui
595 1801 695 1865 habet
718 1801 899 1885 praedium,
928 1801 1047 1865 habere

40 1894 204 1974 rtramque
223 1888 320 1954 debet
338 1889 552 1974 disciplinam,
571 1893 604 1953 66
623 1891 694 1974 agri
713 1890 858 1954 culturae
873 1894 906 1953 66
919 1891 1046 1973 pecoris

40 1979 187 2062 pascendi
220 1981 253 2042 66
285 1979 383 2043 etiam
414 1979 578 2044 villaticae
610 1978 779 2063 pastionis.
829 2000 868 2042 ex
896 1999 934 2041 66
962 1977 1047 2041 enim

40 2088 162 2151 pioque
180 2067 306 2131 fructus
325 2069 399 2132 tolli
416 2070 555 2150 possunt
573 2088 640 2130 non
658 2067 835 2131 mediocres
850 2065 1047 2129 6666616116-

40 2156 131 2220 nibus
163 2176 200 2219 ac
231 2156 402 2241 leporariis
433 2159 465 2219 66
495 2154 639 2238 piscinis.
684 2155 793 2237 equis
823 2154 977 2238 quoniam
1008 2155 1075 2218 dee

40 2245 104 2328 egri
138 2246 267 2309 cultura
301 2245 420 2308 librum
455 2243 642 2307 Fundaniae
680 2243 774 2306 uxori
809 2246 943 2325 propter
978 2243 1046 2307 eius

40 2333 171 2397 lundum
186 2333 256 2416 feci,
274 2334 344 2416 tibi,
362 2332 464 2418 Niger
478 2332 616 2396 Turrani
632 2334 753 2413 noster,
772 2331 827 2415 qui
841 2331 1047 2396 vehementer

40 2421 205 2486 lelectaris
229 2443 354 2505 pecore,
376 2425 549 2504 propterea
572 2421 657 2505 quod
680 2423 712 2483 66
736 2417 984 2503 empturientem
1012 2419 1047 2481 in

40 2533 168 2595 campos
192 2509 319 2574 Macros
344 2510 384 2574 ad
412 2513 591 2574 mercatum
615 2509 776 2573 adducunt
799 2508 911 2571 crebro
939 2506 1047 2590 pedes,

40 2621 97 2684 666
126 2599 256 2663 16611166
285 2598 469 2682 sumptibus
502 2599 605 2662 multa
637 2597 845 2680 poscentibus
874 2595 1046 2676 ministres

40 2687 120 2771 ruod
145 2708 182 2751 6ο
206 2686 334 2751 facilius
357 2687 484 2770 faciam,
508 2686 594 2770 quod
618 2690 651 2749 66
673 2687 742 2770 1666
760 2685 927 2769 pecuarias
945 2685 1046 2748 habui

40 2775 188 2862 grandes,
215 2775 250 2839 in
279 2776 400 2860 Apulia
427 2775 566 2840 oviarias
595 2778 628 2838 et
655 2775 690 2839 16
717 2774 856 2838 Reatino
887 2774 1047 2857 aquarias,

40 2863 127 2948 [qua]
153 2863 191 2926 de
210 2886 244 2928 re
266 2864 418 2947 pecuaria
437 2864 580 2928 breviter
599 2885 637 2928 ac
655 2864 841 2927 summatim
862 2884 1048 2945 percurram
1123 2883 1127 2893 ·

40 2975 71 3018 ex
96 2952 301 3017 sermonibus
324 2954 447 3017 nostris
471 2953 609 3017 conlatis
633 2975 705 3018 cum
732 2953 772 3016 iis
797 2952 852 3036 qui
879 2952 1047 3034 pecuarias

124 3133 140 3182 7
160 3127 287 3182 armenta
305 3143 355 3180 om.
414 3133 447 3180 12
467 3125 604 3197 eaquae]
624 3142 713 3194 aeque
732 3126 859 3193 adposita
876 3123 1068 3183 6666666661κ

40 3204 66 3253 16
87 3198 210 3268 expetiit
291 3203 323 3252 19
343 3195 562 3266 agriculturam
641 3203 674 3251 21
694 3196 863 3251 ornitoribus
882 3193 1047 3262 (ornithoni-

40 3287 85 3322 ous
111 3270 151 3338 V)
224 3269 538 3338 2466616610616661
562 3268 602 3338 V)

125 3435 158 3483 12
178 3445 211 3482 ea
230 3445 303 3497 quae
321 3428 351 3481 16
369 3426 542 3498 agricultura
560 3443 576 3481 6
591 3432 616 3480 et
634 3427 701 3481 libre·
718 3425 877 3479 recentiores
949 3430 982 3478 16
1002 3439 1048 3477 ex·

40 3501 115 3569 pedit
133 3501 180 3555 mc
255 3505 287 3553 19
307 3499 495 3567 agriculturae
513 3516 529 3553 6
603 3503 637 3552 30
657 3514 713 3566 qua
730 3497 828 3552 delevit
850 3494 968 3551 Ursinus
