2452 3938
348 151 478 206 RERVM
497 149 733 207 RVSTIOARUM
751 142 818 206 ΠΒ.
836 151 850 204 1
868 158 884 207 2
1081 151 1124 215 15

109 297 247 383 proinde
271 299 308 363 ut
330 294 436 378 capite
459 294 574 361 darent
596 318 733 380 poenas,
764 300 878 361 contra
899 299 936 360 ut
958 295 1124 361 Minervae

110 386 239 469 caprini
262 383 390 468 generis
413 383 496 447 nihil
519 385 715 450 immolarent
736 389 870 469 propter
893 386 1005 468 oleam,
1038 385 1124 469 quod

109 497 183 540 eam
216 495 315 558 quam
347 473 480 536 laeserit
506 472 576 537 fieri
606 471 716 539 dicunt
746 474 902 538 sterilem:
941 474 1008 537 eius
1037 474 1123 537 enim

110 563 249 629 salivam
273 583 343 626 esse
366 559 503 625 fructuis
521 584 681 627 venenum
700 562 770 643 [L]:
794 563 856 627 hoc
874 563 1006 626 nomine
1024 562 1124 626 etiam
1136 569 1178 626 20

80 650 251 717 aAthenis
284 651 320 714 in
347 671 454 714 arcem
480 671 547 715 non
574 650 670 735 inigi,
701 654 928 735 praeterquam
956 651 1056 714 semel
1083 651 1124 714 ad

108 738 331 806 necessarium
355 738 557 821 sacrificium,
580 760 620 804 ne
644 739 741 804 arbor
764 740 849 824 olea,
878 760 959 823 quae
983 739 1123 822 primum

108 829 229 894 dicitur
251 827 298 892 ibi
319 830 406 906 nata,
431 849 450 891 a
474 847 571 910 capra
594 829 688 912 tangi
715 828 830 912 possit.
866 826 935 893 Nec
958 828 1053 913 ullae,
1077 827 1124 890 in·

109 939 217 1002 quam,
240 914 377 999 pecudes
400 916 472 999 agri
495 916 642 981 culturae
665 920 743 981 sunt
765 916 932 1000 propriae,
954 915 1019 980 nisi
1042 937 1124 1000 quae

110 1026 228 1090 agrum
255 1025 366 1088 opere,
392 1024 455 1086 quo
479 1004 596 1069 cultior
620 1006 675 1086 sit,
704 1005 870 1088 adiuvare,
897 1009 934 1069 nt
961 1025 1017 1068 eae
1041 1025 1123 1088 quae

68 1117 96 1159 ro
111 1095 242 1159 iunctae
265 1113 358 1156 arare
380 1096 526 1175 possunt.
569 1090 738 1177 Agrasius,
761 1093 796 1158 Si
818 1095 901 1159 istuc
923 1093 971 1157 ita
993 1096 1053 1175 est,
1075 1092 1174 1156 13-21

109 1182 190 1268 quit,
219 1202 282 1266 quo
312 1179 409 1245 modo
432 1202 529 1264 pecus
552 1183 710 1247 removeri
732 1185 842 1266 potest
865 1182 906 1246 ab
931 1203 1023 1266 agro,
1050 1203 1124 1245 curn

110 1275 250 1352 stercus,
281 1270 367 1353 quod
388 1268 565 1353 plurimum
587 1270 728 1354 prodest,
752 1291 867 1354 greges
889 1292 1043 1355 pecorum
1066 1269 1125 1332 mi·

108 1357 274 1425 nistrent?
299 1355 360 1440 Sic,
382 1358 488 1441 inquit
509 1356 640 1441 Agrius,
662 1358 826 1424 venalium
848 1379 963 1443 greges
983 1359 1124 1422 dicemus

109 1446 183 1532 agri
207 1446 367 1511 culturam
391 1468 475 1530 esse,
503 1447 532 1510 si
558 1451 691 1530 propter
719 1447 818 1510 istam
847 1468 916 1510 rem
939 1447 1124 1510 habendum

68 1558 95 1598 15
110 1535 332 1601 statuerimus.
370 1534 426 1598 sed
445 1556 535 1599 error
552 1535 638 1618 hinc,
661 1535 746 1619 quod
769 1556 868 1618 pecus
891 1535 926 1598 in
950 1555 1029 1618 agro
1053 1555 1124 1598 esse

108 1626 222 1707 potest
245 1627 278 1687 et
299 1622 423 1687 fructus
446 1623 481 1687 in
504 1644 542 1688 eo
567 1644 646 1709 agro
669 1625 764 1708 ferre,
791 1622 878 1706 quod
900 1644 966 1687 non
990 1643 1124 1705 sequen-

111 1712 198 1776 dum.
234 1732 311 1775 nam
334 1711 380 1775 sic
405 1712 503 1776 etiam
525 1734 578 1776 res
601 1713 683 1776 aliae
703 1712 848 1776 diversae
868 1713 909 1776 ab
929 1732 1009 1796 agro
1029 1714 1125 1775 erunt

110 1799 336 1882 adsumendae,
354 1803 392 1864 nt
410 1800 438 1864 si
456 1800 557 1865 habet
574 1803 683 1884 plures
702 1801 737 1864 in
756 1801 856 1865 fundo
870 1804 1012 1865 textores
1027 1803 1140 1885 atque,

110 1888 280 1952 institutos
304 1888 464 1971 bistones,
487 1888 534 1954 sic
557 1890 639 1953 alios
659 1889 812 1954 artifices.

72 1999 98 2039 ao
202 1973 328 2060 Scrofa,
354 1975 571 2061 Diiungamus
598 1978 713 2062 igitur,
742 1979 861 2062 inquit,
892 1977 1076 2061 pastionem
1105 1999 1125 2040 3

111 2065 255 2149 cultura,
281 2068 314 2129 et
337 2065 439 2149 siquis
463 2066 540 2148 quid
562 2066 634 2132 vult
657 2066 744 2130 aliud
768 2066 891 2146 [aliud].
936 2066 1031 2129 Anne
1055 2071 1176 2149 ego,22

110 2154 259 2238 inquam,
293 2173 409 2237 sequar
438 2151 646 2219 Sasernarum
679 2155 782 2238 patris
815 2159 849 2219 et
876 2155 922 2219 fili
955 2155 1057 2218 libros
1088 2175 1125 2217 ac

111 2241 217 2325 magis
236 2245 347 2324 putem
367 2242 537 2325 pertinere,
556 2243 698 2326 figilinas
718 2265 813 2327 quem
834 2243 1020 2307 admodum
1036 2263 1123 2306 exer-

111 2331 178 2394 ceri
202 2333 360 2412 oporteat,
384 2353 481 2414 quam
505 2332 633 2416 argenti
655 2330 782 2395 fodinas
806 2335 863 2394 aut
886 2331 951 2394 alia
975 2333 1022 2411 [et
1045 2329 1123 2410 3113]

73 2441 97 2481 aa
111 2417 256 2500 metalla,
279 2439 359 2501 quae
384 2421 452 2483 sine
476 2419 573 2484 dubio
597 2419 630 2484 in
654 2418 762 2503 atiquo
787 2439 865 2502 agro
884 2418 989 2482 fiunt?
1014 2418 1069 2481 sed
1088 2420 1125 2481 ut
1137 2423 1176 2480 23

111 2527 216 2591 nequa
244 2507 437 2590 lapidicinae
465 2529 569 2592 neque
596 2507 784 2572 harenariae
808 2508 849 2571 ad
872 2506 943 2591 agri
967 2507 1126 2570 culturam

110 2594 285 2678 pertinent,
313 2595 359 2659 sie
386 2596 541 2680 figilinac.
584 2618 688 2681 neque
717 2596 790 2660 ideo
813 2619 878 2660 non
901 2597 935 2659 in
958 2617 1020 2679 quo
1045 2615 1125 2679 agro

111 2683 250 2747 idoneae
284 2688 421 2766 possunt
453 2706 524 2749 esse
555 2706 621 2749 non
649 2685 858 2763 exercendae,
891 2687 987 2768 atque
1018 2706 1057 2747 ex
1084 2685 1125 2746 iis

111 2770 261 2854 capiendi
284 2771 421 2837 fructus:
446 2775 483 2836 ut
505 2773 614 2856 etiam,
637 2775 765 2857 siager
788 2773 961 2837 secundum
984 2773 1071 2837 viam
1093 2776 1126 2836 et

72 2883 98 2923 eo
113 2863 317 2942 opportunus
341 2861 521 2926 viatoribus
540 2861 640 2944 locus,
664 2853 881 2926 aedificandae
899 2864 1054 2925 tabernae
1074 2861 1125 2924 de-

111 2948 289 3030 uersoriae,
312 2970 393 3031 quae
412 2952 530 3028 tamen,
555 2950 701 3035 quamvis
721 2951 788 3015 sint
806 2951 1000 3029 fructuosae,
1022 2949 1125 3013 nihilo

204 3127 289 3175 ‘inec
307 3123 402 3176 nullae
458 3128 491 3177 10
510 3123 581 3178 istuc
601 3124 687 3194 (istud
704 3127 809 3194 opopa.)
864 3123 969 3178 2211111
1023 3127 1058 3175 24
1077 3124 1127 3176 331

112 3193 170 3245 alia
194 3195 223 3246 et
245 3190 303 3247 alia
326 3194 435 3248 atalia
458 3211 530 3262 quae
638 3201 672 3250 26
696 3195 840 3250 arenariae
865 3194 1039 3262 (harenariae
1059 3208 1124 3261 apo-

111 3264 221 3333 grapho
238 3265 398 3334 recentiora)
448 3269 482 3319 28
502 3265 560 3320 exis
580 3267 625 3335 (ex
642 3265 677 3320 iis
695 3266 733 3336 V)
788 3271 823 3321 30
842 3272 996 3334 oportunus
1012 3268 1125 3332 (oppor-

113 3336 198 3387 tunus
222 3333 263 3400 V)
335 3334 507 3390 diuersoriae
526 3335 715 3407 (deuorsoriae
734 3338 792 3392 cod.
813 3337 893 3405 Par.)

204 3499 219 3547 ‘1
238 3509 290 3547 nec
308 3493 383 3549 ullae
401 3511 418 3549 3
490 3500 525 3549 24
544 3497 594 3550 aut
612 3495 669 3550 3113
686 3495 803 3550 metalla
819 3513 835 3550 c
