2452 3938
130 155 174 218 40
540 153 728 209 VARRONIS

130 320 211 451 goso
244 299 331 362 enim
364 298 444 362 haee
473 319 511 361 ae
539 297 663 362 difficili
694 299 814 364 valent'
790 304 875 363 bora
906 297 1086 382 parandum
1115 302 1146 363 et

128 392 187 473 pot
189 388 238 451 ius
267 409 305 450 ea
332 408 414 471 quae
438 408 496 469 per
519 409 553 450 se
567 382 662 451 fruet
648 391 718 452 turn
745 388 877 451 reddere
904 388 1045 471 possint,
1074 409 1145 451 eum

129 477 214 541 idem
240 475 347 558 operis
370 475 505 539 faciant

85 580 150 633 XXI
219 561 401 628 Oanest
342 567 401 645 pot
402 564 452 627 ius
469 586 542 628 eum
557 549 661 648 dignit
663 553 767 627 atet
735 586 751 628 e
781 586 870 627 aeres
887 585 1008 646 paucos
1023 563 1145 628 haben·

129 654 206 717 dum
235 674 330 736 quam
361 653 496 753 multos,
524 674 604 736 quos
636 653 855 717 consuefacias
884 651 1023 734 [potius]
1046 655 1145 717 noctu
1168 674 1179 715 ι

129 742 267 826 vigilare
298 745 330 804 et
369 741 417 804 int
403 740 508 804 terdiu
541 741 666 805 clausos
699 741 849 806 dormire.
904 741 942 804 de
974 740 1144 805 indomitis

130 828 382 914 quadripedibus
407 851 444 893 ae
471 850 588 911 peoore
611 829 808 894 faciendum:
837 830 866 893 si
892 834 987 912 prata
1014 834 1090 893 sunt
1111 829 1145 892 in

129 918 230 982 fundo
254 939 359 1001 neque
382 938 481 1000 pecus
500 917 609 1001 habet,
633 917 738 981 danda
756 940 855 1002 opera
873 921 910 981 ut
928 917 1051 1000 pabulo
1071 939 1144 981 ven-

130 1007 198 1071 dito
223 1006 363 1070 alienum
384 1006 536 1088 perusin
559 1027 617 1070 suo
640 1006 740 1071 fundo
763 1010 878 1090 paseat
900 1028 937 1070 ae
962 1006 1116 1071 stabulet

74 1109 153 1164 XXII
220 1093 270 1159 De
297 1094 423 1177 reliquo
446 1093 662 1158 instrumento
692 1099 795 1175 mut0,
826 1096 861 1158 in
889 1116 952 1178 quo
977 1098 1055 1158 sunt
1078 1114 1178 1159 eor-10

130 1183 239 1265 bulae,
264 1181 364 1266 dolia,
393 1181 439 1245 sie
463 1182 541 1264 alia,
566 1182 647 1246 haee
669 1182 905 1267 praecipienda.
951 1204 1034 1267 quae
1056 1181 1145 1246 nasei

129 1273 164 1334 in
188 1232 288 1335 lurido
312 1292 350 1334 ae
373 1269 444 1334 fieri
465 1293 485 1334 a
503 1270 688 1336 domesticis
706 1275 870 1354 poterunt,
894 1293 1006 1335 eorum
1026 1270 1144 1355 nequid

129 1363 216 1422 emat
219 1363 336 1443 ur,ut
298 1358 428 1424 utfere
457 1362 533 1424 sunt
561 1382 643 1443 quae
672 1381 710 1423 ex
742 1360 918 1424 viminibus
947 1364 979 1424 et
1008 1359 1144 1424 materia

127 1448 250 1512 rustica
278 1447 425 1530 fiunt,n
427 1449 597 1531 teorbes,
625 1447 773 1528 fiscinae,
805 1448 939 1526 tribula,
972 1449 1065 1530 valli,
1094 1469 1144 1511 ra-

129 1537 229 1620 stelli3
259 1536 305 1601 sio
333 1498 414 1619 qiiae
436 1536 521 1600 fiunt
550 1536 588 1600 de
612 1537 763 1619 cannabi,
792 1537 906 1620 lino,
897 1559 1004 1619 iunco,
1025 1537 1144 1620 palmo,
1157 1554 1179 1595 ιι

100 1626 250 1708 Iseirpo,
279 1627 316 1688 ut
338 1625 441 1708 funes,
464 1629 530 1688 rest
532 1646 580 1707 es,
608 1628 697 1709 teget
698 1647 741 1689 es.
788 1647 870 1708 quae
894 1647 911 1688 e
934 1624 1036 1690 fundo
1061 1624 1144 1689 sumi

127 1735 195 1777 non
217 1717 380 1795 poterunt,
403 1734 441 1776 ea
465 1713 493 1776 si
518 1718 627 1795 empta
651 1717 744 1776 erunt
766 1715 877 1796 potius
902 1713 943 1777 ad
968 1713 1145 1794 utilitatem

128 1822 225 1885 quam
249 1800 291 1864 ob
315 1799 468 1884 speeiem,
500 1806 631 1883 sumptu
658 1801 799 1865 fructum
821 1825 888 1867 non
911 1802 1144 1883 extenuabunt3

128 1910 166 1952 eo
189 1889 305 1972 magis,
332 1889 360 1952 si
383 1887 457 1951 inde
481 1894 591 1972 empta
615 1893 709 1954 erunt
731 1891 948 1974 potissimum,
970 1890 1028 1955 ubi
1052 1911 1091 1954 ea
1114 1892 1146 1953 et

128 1977 215 2041 bona
247 1980 280 2040 et
313 1976 459 2059 proxime
493 1980 525 2041 et
557 1977 717 2043 vilissimo
750 1979 813 2042 emi
846 1983 1007 2062 poterunt.
1055 1978 1180 2043 ouiusa

128 2064 335 2129 instrumenti
359 2065 449 2128 varia
468 2066 656 2129 discrimina
674 2088 711 2130 ao
734 2067 909 2132 multitudo
930 2067 1001 2151 agri
1020 2067 1144 2151 magni-

128 2153 239 2217 tudine
263 2153 389 2237 finitur,
412 2153 497 2237 quod
519 2154 614 2237 plura
637 2176 718 2236 opus
743 2161 832 2238 sunt,
864 2156 892 2219 si
914 2155 996 2220 fines
1021 2156 1145 2220 distant

99 2243 204 2306 3late.
241 2240 367 2326 Itaque,
387 2239 478 2307 Stolo
497 2243 611 2327 inquit,
630 2244 799 2326 proposita
814 2244 1039 2327 magnitudine
1053 2242 1145 2307 fundi

130 2331 168 2394 de
197 2352 233 2395 eo
267 2352 385 2414 genere
413 2329 495 2396 Cato
530 2331 657 2414 scribit,
691 2332 802 2396 oliveti
832 2335 946 2418 iugera
970 2349 1061 2397 0ch
1091 2331 1145 2415 qui

128 2419 264 2502 coleret,
293 2442 365 2484 eum
393 2420 552 2507 instruere
583 2419 631 2484 ita
658 2424 821 2504 oportere,
854 2425 892 2484 ut
917 2421 1040 2485 faceret
1066 2438 1179 2484 vassas

129 2509 252 2573 olearia
275 2509 353 2591 iuga
377 2509 532 2591 quinque,
561 2529 644 2591 quae
668 2509 875 2573 membratim
899 2514 1082 2591 enumerat,
1110 2511 1146 2572 ut

130 2618 169 2659 ex
192 2618 265 2660 aere
290 2595 425 2678 ahenea,
447 2617 576 2677 urceos,
599 2597 829 2680 nassiternam,
852 2598 930 2662 item
954 2597 1034 2662 alia:
1058 2597 1106 2662 sio
1128 2618 1145 2660 e

11 2756 14 2762 ⁴
130 2685 220 2767 ligno
245 2688 278 2747 et
300 2684 396 2766 ferro,
420 2687 457 2746 ut
479 2683 605 2764 plostra
628 2685 753 2750 maiora
772 2685 845 2766 tria,
870 2690 979 2750 aratra
997 2709 1071 2751 oum
1090 2707 1145 2750 vo·

129 2772 272 2835 moribus
301 2793 369 2854 sex,
398 2775 503 2836 crates
532 2774 742 2838 stercorarius
766 2777 939 2859 quattuor,
963 2775 1044 2838 item
1068 2774 1143 2838 alia:

130 2860 178 2924 sio
201 2859 240 2923 de
263 2859 468 2923 ferramentis
488 2882 569 2944 quae
594 2861 661 2924 sint
684 2865 799 2946 etqua
823 2885 904 2946 opus
928 2863 1181 2941 multitudinem

129 2952 167 3012 ut
190 2947 310 3012 ferreas
331 2951 414 3030 oeto,
437 2948 565 3012 sarcula
588 2949 733 3032 totidem,
758 2951 892 3016 dimidio
911 2952 1019 3015 minus
1042 2953 1144 3035 palas,

98 3036 209 3101 litem
232 3037 304 3100 alia.
350 3036 431 3100 item
454 3038 588 3101 alteram
618 3037 796 3104 formulam
821 3040 1031 3104 instrumenti
1054 3039 1145 3104 fundi

130 3126 247 3190 vinarii
269 3125 360 3208 feeit,
384 3125 418 3190 in
443 3147 506 3210 qua
530 3125 656 3206 seribit,
680 3127 708 3190 si
731 3127 775 3192 sit
798 3145 817 3192 c
840 3129 998 3213 iugerum,
1021 3129 1144 3194 habere

219 3358 253 3406 14
270 3351 351 3422 ualli]
373 3351 454 3406 malli
537 3358 569 3407 15
590 3354 711 3408 cannabi
730 3353 841 3423 (canabi
858 3373 951 3427 apopr
1048 3354 1111 3410 23
1102 3373 1144 3410 m-

129 3423 196 3490 quid
269 3428 302 3477 29
321 3439 409 3478 sexs.
430 3425 522 3478 crates
594 3430 628 3478 30
648 3424 723 3492 quod
742 3441 814 3494 opus
833 3358 1045 3481 multitudinem
