2452 3938
153 174 198 240 54
572 171 756 228 vacamus

153 320 188 384 in
213 316 390 403 oleagineis
415 317 592 384 seminibus
616 319 778 400 [arbores]
802 317 975 383 videndum
1003 320 1040 382 ut
1063 317 1107 382 sit
1132 317 1172 382 da

153 414 266 473 tenero
289 428 380 472 ramo
406 431 445 472 ex
468 412 604 491 utraque
627 410 720 490 parta
743 406 958 490 aequabiliter
976 407 1171 492 praecisum,

154 519 236 581 quas
260 496 316 561 alii
339 497 491 581 clavolas,
514 496 571 561 alii
593 495 696 560 taleas
720 496 888 580 appellant
911 517 948 560 ac
967 495 1092 561 faciunt
1110 497 1171 561 cir-

124 586 236 653 bciter
262 586 403 669 pedales,
450 589 602 670 quartum
631 605 732 669 genus
761 585 908 666 seminis,
936 585 1022 668 quod
1051 585 1173 650 transit

154 698 194 739 ex
217 675 331 740 arbore
354 675 390 738 in
413 674 520 758 aliam,
542 673 716 739 videndum
740 695 804 756 qua
824 695 861 737 ex
881 673 996 738 arbore
1015 674 1049 736 in
1069 695 1170 756 quarn
1194 694 1207 734 a

153 762 372 829 transferatur
396 767 429 827 et
451 785 515 846 quo
538 767 683 846 tempore
707 765 740 825 et
762 783 858 846 quem
877 761 918 826 ad
937 761 1070 827 modum
1089 762 1171 827 obli·

147 856 258 938 getur.
303 852 480 918 nonenim
503 853 610 935 pirum
634 850 748 934 recipit
772 871 921 935 quercus:
953 871 1059 933 neque
1084 851 1171 914 enim

154 942 182 1006 si
206 941 312 1006 malus
336 941 452 1024 pirum.
497 941 559 1005 hoc
589 941 740 1004 secuntur
764 939 872 1023 multi,
903 939 958 1024 qui
980 939 1171 1024 haruspices

155 1030 291 1095 audiunt
314 1029 491 1110 [multum]‚
515 1028 674 1112 aquibus
697 1028 871 1111 proditum,
900 1028 935 1092 in
959 1027 1097 1112 singulis
1122 1049 1171 1092 ar·

153 1118 287 1182 boribus
312 1120 392 1200 quot
416 1137 536 1200 genera
559 1117 658 1182 insita
681 1117 755 1200 sint,
780 1137 844 1181 uno
867 1117 934 1180 ictu
956 1119 1008 1180 tot
1030 1116 1171 1181 fulmina
1184 1138 1209 1177 ιο

152 1206 224 1270 fieri
245 1205 321 1269 illut
345 1205 430 1306 quqd
454 1205 578 1271 fulmen
602 1167 758 1306 concepit.
805 1206 833 1269 si
856 1205 892 1270 in
914 1205 1022 1289 pirum
1046 1205 1170 1270 silvati-

153 1316 226 1360 cam
248 1293 422 1359 inserueris
445 1295 568 1397 pirum
578 1295 726 1379 quamvis
751 1295 886 1377 bonam,
917 1316 984 1359 non
1005 1293 1077 1359 fore
1100 1297 1171 1358 tam

154 1383 342 1485 iucundam,
377 1405 473 1467 quam
504 1384 530 1447 si
558 1383 594 1446 in
621 1405 691 1448 eam
720 1405 803 1466 quae
831 1382 990 1448 silvestris
1019 1404 1086 1447 non
1117 1383 1171 1448 sit.

125 1472 189 1537 bin
217 1494 452 1556 quamcumque
480 1471 662 1536 arborem
652 1493 792 1556 inseras,
823 1471 851 1536 si
874 1470 1017 1535 eiusdem
1040 1472 1171 1556 generis

154 1564 213 1643 est,
233 1562 401 1626 dumtaxat
419 1565 457 1625 ut
476 1561 520 1624 sit
533 1565 669 1644 utraque
685 1561 800 1644 malus,
819 1560 891 1624 ita
881 1581 1022 1624 inserere
1038 1563 1170 1643 oportet
1183 1578 1207 1620 rr

153 1649 347 1714 referentem
372 1651 412 1714 ad
430 1648 582 1734 fructum,
605 1649 738 1713 meliore
757 1670 874 1735 genere
893 1651 930 1712 ut
949 1649 991 1713 sit
1010 1649 1171 1733 surculus,

154 1760 253 1822 quam
283 1741 334 1801 est
368 1759 430 1821 quo
463 1737 572 1801 veniat
605 1738 710 1802 arbor.
761 1741 810 1802 est
842 1739 945 1802 altera
977 1737 1101 1821 species
1133 1760 1172 1802 ex

155 1827 270 1890 arbore
303 1827 337 1889 in
370 1825 521 1890 arborem
552 1825 714 1890 inserendi
747 1849 849 1910 nuper
882 1825 1108 1891 animadversa
1136 1828 1171 1890 in

155 1914 325 1979 arboribus
358 1914 557 1999 propinquis,
613 1936 652 1977 ex
684 1915 814 1997 arbore,
846 1936 910 1998 qua
942 1915 1012 1979 r'ult
1048 1915 1171 1979 habere

155 2004 333 2086 surculum,
360 2005 395 2067 in
424 2025 494 2068 earn
522 2012 619 2087 quarn
649 2003 790 2068 inserere
817 2004 887 2068 vult
913 2004 1076 2067 ramulum
1104 2007 1169 2068 tra·
1185 2023 1207 2063 ac

155 2092 243 2155 ducit
277 2092 351 2155 et
341 2112 376 2155 111
409 2092 477 2156 eius
511 2113 602 2155 ramo
631 2094 778 2176 praeciso
807 2114 844 2156 ac
873 2091 998 2157 diffisso
1026 2093 1172 2175 inplicat

155 2201 229 2243 eum
252 2179 358 2244 locum
382 2180 438 2264 qui
462 2180 632 2265 contingit,
656 2202 695 2244 ex
713 2204 735 2246 u
736 2180 849 2263 traque
868 2183 942 2265 par
943 2202 959 2244 e
979 2181 1065 2265 quod
1083 2181 1172 2245 intro

155 2272 205 2332 ast
228 2268 309 2332 falce
329 2272 581 2353 extenuatum,1
571 2271 618 2333 ita
637 2273 674 2333 ut
692 2291 730 2333 ex
749 2291 814 2333 una
832 2270 920 2352 parti
940 2269 1025 2354 quod
1044 2270 1172 2334 caelum

154 2357 301 2423 visurum
325 2361 375 2422 est
398 2358 552 2423 corticem
575 2379 648 2423 cum
668 2357 787 2423 cortice
807 2362 966 2442 exaequat
966 2380 1021 2422 um
1040 2358 1172 2423 habeat.

156 2446 225 2511 eius
255 2448 388 2530 ramuli,
418 2469 513 2532 quem
536 2448 673 2529 inseret,
702 2468 854 2511 cacumen
881 2450 918 2510 ut
940 2447 1104 2511 derectum
1129 2447 1173 2512 sit
1186 2464 1209 2506 aa

156 2535 197 2598 ad
221 2537 345 2600 caelum
364 2540 465 2601 curat.
501 2538 632 2619 postero
652 2556 748 2618 anno,
770 2557 844 2601 cum
864 2535 1063 2619 conprendit,
1088 2536 1173 2601 unde

155 2625 375 2708 propagatum
399 2628 456 2705 cst,
481 2624 521 2687 ab
546 2624 648 2688 altera
671 2624 787 2688 arbore
810 2623 978 2707 praecidit.

93 2725 156 2781 XLI
246 2709 316 2786 Quo
341 2714 486 2794 tempore
511 2732 655 2797 quaeque
678 2712 866 2797 transferas,
896 2713 976 2777 haec
998 2712 1034 2776 in
1057 2713 1172 2796 primis

157 2798 304 2876 videnda,
325 2799 437 2883 [quod]
458 2821 539 2884 quae
558 2802 646 2884 prius
661 2823 759 2866 verno
774 2805 919 2885 tempore
936 2801 1126 2867 inserebant
1111 2806 1172 2886 tur,

247 2962 263 3008 3
282 2956 345 3009 alus
369 2955 494 3012 clauolas
522 2957 584 3027 (alii
601 2957 726 3012 clauolas
746 2958 819 3026 Pol,
850 2957 900 3012 alii
918 2956 1057 3013 sclauolas
1057 2975 1173 3042 apocr.

156 3034 182 3082 et
205 3027 288 3096 Vc'ct.)
362 3033 395 3082 10
420 3029 495 3097 quod
519 3045 624 3098 genera
696 3035 729 3084 13
754 3028 906 3084 iucundum
929 3045 1013 3098 quam
1040 3027 1066 3082 si
1090 3031 1121 3084 in
1140 3045 1175 3083 aa

158 3103 191 3153 15
211 3098 301 3154 maius
321 3099 421 3166 (malus
445 3100 485 3170 V)
562 3107 596 3155 23
619 3116 676 3153 una
699 3101 775 3170 parti
797 3100 870 3166 Pol,
893 3117 950 3154 una
972 3101 1052 3169 parte
1077 3117 1173 3172 cpcyr

156 3175 205 3224 24
211 3171 317 3225 cortica
337 3186 400 3223 oum
420 3170 531 3225 cordicc
551 3173 695 3252 (corticem
715 3188 778 3226 cum
798 3170 894 3227 codice
916 3170 953 3240 V)
1033 3175 1069 3226 28
1089 3187 1174 3240 quae·

157 3241 224 3312 que]
244 3256 354 3310 quaque
427 3247 460 3296 29
481 3242 588 3312 quodq,
612 3242 690 3311 prius

248 3384 395 3439 larborea
418 3385 515 3439 deleuit
539 3383 663 3455 Scaliper
753 3383 1027 3439 9mu1tumdelecc't
1056 3384 1175 3439 Ursinus

158 3458 191 3506 13
210 3452 358 3509 iucundam
383 3460 444 3511 cet
433 3456 519 3509 t.cod
539 3453 620 3510 Flor.
713 3454 743 3508 in
767 3471 829 3508 eam
847 3471 895 3510 mc
984 3461 1020 3509 24
1039 3455 1175 3511 corticem

157 3539 220 3576 cum
240 3525 342 3581 cortice
361 3543 388 3582 m
460 3531 495 3580 28
514 3541 642 3594 quaeque
661 3524 815 3581 transferas
833 3543 880 3582 mc
