2452 3938
105 163 170 227 152
512 159 702 214 mltum}

105 305 264 370 secundas
285 324 450 369 armeta*
473 320 523 370 est
545 324 654 385 urta,
678 326 740 369 nee
765 305 807 369 de
831 304 975 370 eeuhleia
999 327 1035 370 ae
1058 307 1107 392 gli-

103 397 194 459 ribus
216 417 348 479 quaere.
370 395 457 477 qaod
478 394 615 457 relicum
636 410 701 457 en:
727 415 835 478 neque
856 395 945 458 enim
963 415 1107 480 magnum
1140 458 1144 475 .-

103 484 331 548 moiimentam
353 504 424 546 aare
445 502 564 566 puteat
602 480 680 546 Xon
700 482 787 547 istnc
808 486 880 546 tam
901 482 1038 567 simplex
1059 487 1107 566 eat,

104 575 213 657 inqtit
240 573 383 656 Appius.
409 594 509 654 qaam
535 588 573 634 tu
600 590 713 653 puna,
740 593 762 635 o
784 570 852 635 Axi
878 574 1000 635 noster.
1043 593 1107 636 nem

105 682 137 725 et
159 661 295 726 iu'unens
318 661 379 725 snb
401 661 457 725 uia
478 660 655 724 sumendus
675 659 767 723 loeus
788 658 995 737 cochleam,
1022 680 1133 744 quent¹

105 752 227 815 ciream
248 770 355 815 rutum
378 772 462 833 aqna
484 749 630 829 danda,
653 769 713 815 ne.
733 770 816 831 qnae
836 747 886 811 ibi
907 748 1053 830 posueris
1074 747 1107 813 ad

105 860 247 923 partam.
267 862 334 903 nun
356 838 478 901 {iberas
499 859 623 901 earum.
643 837 703 899 aed
723 837 813 920 ipsae
830 857 981 919 quaeraa
1015 837 1106 921 Aqua,

74 931 250 1014 uinquam.
270 927 438 1001 intentae,
459 946 501 987 ne
522 925 729 1007 tugitinriua
746 925 792 989 ait
806 924 984 1008 parandus
1012 924 1105 990 Locus

104 1021 134 1082 is
157 1020 281 1083 metiar.
303 1035 398 1097 quem
420 1018 454 1074 et'
474 1033 543 1074 non
563 1013 678 1096 coquit
697 1013 749 1077 rol
770 1017 806 1077 et
824 1013 935 1097 tangit
957 1034 1021 1079 roa.
1060 1013 1106 1097 qui

106 1109 136 1172 si
157 1104 316 1171 naturalis
338 1122 404 1163 non
427 1114 487 1177 est,
508 1116 545 1164 ut
567 1101 636 1164 fere
657 1124 726 1166 nnn
747 1101 882 1166 suntin
904 1101 1016 1184 aprieo
1036 1103 1144 1180 laeua}

104 1216 208 1277 neque
230 1190 351 1252 habeas
368 1188 404 1250 in
422 1209 525 1270 opaco
543 1190 601 1253 ubi
617 1191 730 1271 indm,
750 1194 789 1254 ut
805 1193 884 1253 eunt
901 1190 965 1254 sub
983 1190 1104 1273 rupibus
1140 1178 1144 1205 ¹

105 1305 143 1346 ae
164 1277 344 1357 mantibus,
370 1298 509 1359 quorum
534 1277 672 1342 adluant
698 1278 824 1342 radices
844 1279 937 1343 hena
959 1300 999 1343 ae
1019 1278 1104 1361 fluvii,
1141 1294 1144 1303 ·

104 1390 202 1431 mann
228 1365 334 1427 faeere
360 1380 491 1447 oportet
516 1367 689 1431 roscidum.
732 1367 790 1451 qui
809 1367 864 1447 fit,
893 1367 924 1430 ei
947 1366 1104 1432 adduxeris

102 1455 213 1519 fistula
236 1460 269 1515 et
290 1453 326 1515 in
348 1475 421 1516 eam
443 1455 643 1519 mammillas
664 1456 851 1539 inposueris
879 1460 1009 1538 tenues,
1036 1475 1104 1540 quae

103 1545 250 1606 eructent
273 1563 402 1624 aquam,
423 1544 473 1606 ita
494 1556 532 1606 ut
552 1545 588 1607 in
610 1545 753 1627 aliquem
774 1543 916 1626 lapidem
937 1543 1059 1608 ineidat
1074 1559 1131 1607 aea

73 1632 171 1706 3late
194 1629 379 1712 dissipetur.
424 1654 544 1713 parens
566 1632 609 1696 iis
631 1632 724 1696 cibus
746 1655 828 1716 opus
851 1636 911 1714 est,
940 1636 976 1696 et
995 1632 1025 1696 ia
1047 1631 1105 1696 aine

103 1719 336 1797 ministratore,
358 1724 391 1781 et
413 1719 509 1797 hune,
532 1721 608 1784 dum
631 1722 742 1805 serpit,
763 1742 832 1785 non
854 1721 963 1784 solum
984 1721 1020 1784 in
1042 1740 1105 1784 area

102 1807 237 1889 reperit,
271 1806 328 1869 sed
360 1809 473 1889 etiam,
504 1809 533 1871 si
564 1810 654 1872 rivus
684 1831 752 1873 non
783 1809 948 1891 prohibet,
977 1808 1104 1892 parietes

103 1899 231 1958 stantes
252 1894 384 1958 invenit.
430 1895 567 1981 deniqne
590 1899 681 1981 ipsae
703 1901 737 1961 et
757 1898 962 1961 ruminantes
984 1898 1104 1982 adpre
1137 1954 1144 1979 .÷

101 1983 214 2064 polam
238 1985 340 2047 vitam
367 1983 423 2048 diu
446 1986 636 2067 producunt,
664 2008 739 2050 enm
761 1986 802 2050 ad
826 2007 899 2049 eam
920 2007 993 2050 rem
1015 1996 1141 2071 paueea'

102 2073 214 2136 laurea
235 2073 315 2137 folia
337 2074 527 2138 intericiunt
545 2080 578 2137 et
596 2078 773 2159 aspergant
789 2073 932 2138 furfures
951 2096 1019 2138 non
1035 2073 1105 2137 mul-

101 2164 165 2223 tos.
209 2162 319 2245 itaque
346 2183 443 2226 coena
464 2163 526 2226 has
549 2164 642 2227 virae
664 2185 707 2227 an
730 2167 876 2227 mortuas
899 2166 1027 2246 eoquat,
1052 2163 1105 2245 ple

71 2263 241 2332 4rumque
272 2250 384 2314 nescit.
444 2271 563 2334 genera
595 2251 799 2315 cochlearum
830 2254 907 2314 sunt
935 2251 1046 2335 plura,
1076 2251 1106 2313 ut
1140 2286 1144 2291 -

101 2337 247 2401 minutae
271 2337 409 2419 albulae,
432 2360 516 2423 quae
538 2340 728 2404 adferuntur
749 2362 767 2404 e
789 2339 942 2421 Reatino,
965 2342 1000 2404 et
1016 2337 1106 2404 maxi·
1141 2368 1144 2427 ς

101 2447 183 2509 mae,
207 2449 289 2510 quae
312 2427 352 2490 de
373 2426 509 2509 Illyrico
528 2429 752 2512 adportentur,
774 2432 808 2491 et
825 2428 1013 2506 medioeres,
1036 2436 1144 2512 quaeat

101 2535 141 2578 ex
166 2515 278 2579 Africa
299 2515 502 2600 adferuntu13
538 2539 604 2581 non
627 2539 691 2601 quo
714 2539 780 2581 non
802 2517 837 2579 in
858 2515 911 2579 his
928 2517 1106 2601 regionibus
1141 2482 1144 2603 Ε

102 2604 294 2686 quibusdam
331 2605 413 2668 loeis
450 2626 488 2668 ae
519 2605 799 2689 magnitudinibus
828 2604 898 2668 sint
930 2603 1105 2689 dispariles:

101 2713 179 2754 nam
213 2695 246 2754 et
277 2693 370 2755 valde
403 2693 530 2775 amplae
563 2698 639 2757 aunt
671 2694 894 2777 [quamquam]
930 2714 971 2756 ex
998 2693 1106 2773 Africa,

102 2800 184 2861 quae
212 2783 370 2843 vocantur
398 2781 596 2865 solitannae,
629 2783 679 2845 ita
704 2786 741 2845 ut
762 2783 803 2862 ¹ia
829 2801 884 2844 eas
911 2797 1014 2846 nxxx
1040 2801 1106 2865 qua·

192 2939 206 2986 1
225 2936 350 2988 treantes
370 2936 518 3002 (traiectus
537 2938 594 2994 eod.
610 2938 689 3003 Par„
707 2938 866 2992 transactus
884 2930 1040 2992 recentiora
1052 2951 1106 3007 ape

100 2980 219 3075 propia)
292 3007 548 3063 3emolumentum
620 3007 775 3076 eglaudaa
794 3006 922 3077 (claudae
945 3005 979 3075 V,
997 3009 1107 3078 glande

97 3078 223 3147 plurima
249 3080 425 3147 apopraphn)
499 3084 532 3133 19
556 3078 635 3149 ipsae
660 3077 950 3148 exgruminantes'ad
968 3079 1109 3150 propalam

102 3155 136 3202 20
155 3149 312 3217 perducunt
347 3155 380 3202 21
401 3149 513 3203 laureae
532 3149 618 3205 foliae
637 3149 762 3220 (laureae
780 3148 851 3204 folia
870 3149 943 3218 Pel.)
981 3156 1017 3205 23
1035 3149 1109 3205 eoch-

100 3217 208 3272 learum
228 3220 405 3288 (eoehearum
423 3220 561 3274 nonnulla
574 3222 745 3290 apoprupha)
818 3225 853 3274 29
866 3218 1007 3276 solianne
1024 3221 1066 3276 ia
1081 3217 1110 3272 ut

101 3303 148 3344 eas
169 3289 361 3358 (solitannelta
378 3293 411 3344 ut
429 3290 459 3343 in
477 3306 525 3344 eas
542 3293 679 3347 nonnulla
697 3291 868 3362 apoprupha)

190 3438 205 3486 ³
225 3431 420 3486 molimentum
441 3432 598 3487 Palmeriae
611 3434 730 3502 epiateq.
745 3437 847 3500 12347
919 3438 953 3488 19
967 3431 1107 3504 propolam

101 3500 223 3571 Scaliper
295 3508 330 3555 20
348 3502 506 3570 producunt
524 3519 540 3557 v
613 3509 646 3557 21
666 3503 764 3558 laurea
781 3502 884 3560 foliae
