2452 3938
281 107 410 163 RERVM
424 106 662 163 Rvsrlenavn
680 109 746 164 LIB.
761 109 788 163 ΙΙ
802 114 871 165 6-7
1018 110 1081 176 103

66 274 140 319 esse
164 274 235 317 cum
258 254 310 317 his
335 256 367 318 et
389 253 505 317 leniter
528 254 678 337 capistris
700 254 804 318 aliave
823 276 887 339 qua
905 277 939 319 re
958 254 1081 324 habent

65 343 205 406 vinctos.
248 342 345 406 tertio
370 363 453 406 anno
478 343 608 407 domare
631 343 792 425 incipiunt
815 344 855 407 ad
879 364 933 407 eas
956 365 1016 427 res,
1040 344 1081 409 ad

66 451 149 514 quas
174 430 309 514 quisque
333 452 388 495 eos
411 431 484 496 vult
505 431 626 497 habere
649 432 682 495 in
706 453 776 498 usu.
822 431 1016 515 relinquitur
1041 432 1110 497 deo

65 539 217 599 numere,
246 541 383 602 quorum
411 540 526 604 greges
554 541 619 584 non
649 541 726 584 sane
752 520 849 602 fiunt,
876 521 939 584 nisi
971 543 1009 584 ex
1032 521 1080 585 cis

40 608 125 692 equi
148 629 249 670 onera
271 610 420 690 portant,
447 608 519 672 ideo
543 609 628 692 quod
652 608 797 692 plerique
821 608 1016 673 diducuntur
1040 609 1081 673 ad

65 696 171 761 molas
200 697 321 760 autad
345 696 416 781 agri
440 696 613 780 culturam,
637 697 693 761 ubi
717 697 793 781 quid
817 697 996 761 vehendum
1020 701 1080 781 est,

66 788 125 849 aut
147 784 246 848 etiam
270 784 312 849 ad
331 784 497 868 arandum,
519 785 576 850 ubi
595 785 676 850 levis
695 789 745 849 est
762 789 858 864 terra,
880 786 968 850 utin
987 784 1079 850 Cam·

64 871 174 956 pania.
221 893 337 958 greges
364 873 449 937 fiunt
475 870 796 956 fere'mercatorum,
823 877 860 938 ut
889 896 1000 938 eorum
1024 875 1080 959 qui

65 982 83 1024 e
107 960 305 1026 Brundisino
330 965 387 1026 aut
409 962 529 1045 Apulia
553 963 663 1028 asellis
688 963 866 1028 dossuariis
887 966 1081 1046 conportent

25 1069 51 1110 ro
65 1050 108 1114 ad
142 1072 231 1114 mare
264 1051 372 1114 oleum
405 1055 462 1115 aut
489 1052 600 1115 vinum
626 1052 770 1135 itemque
796 1052 995 1118 frumentum
1023 1055 1081 1116 eut

65 1138 145 1222 quid
170 1137 263 1202 aliut.

156 1225 325 1310 Lucienus,
339 1226 412 1310 Ego
427 1247 554 1311 quoque
573 1227 744 1292 adveniens
764 1229 908 1312 aperiam
927 1241 1136 1313 carceres,VII

64 1314 183 1399 inquit,
211 1319 244 1378 et
271 1336 370 1399 equos
394 1316 541 1379 emittere
564 1314 726 1399 incipiam,
754 1337 814 1380 nse
838 1318 942 1381 solum
965 1339 1081 1402 mares,

66 1424 149 1487 quos
175 1403 384 1469 admissarius
407 1403 523 1485 habeo,
545 1408 583 1468 ut
605 1404 744 1482 Atticus,
768 1405 913 1488 singulos
937 1405 972 1468 in
991 1405 1081 1469 femi-

25 1510 126 1555 1snas
150 1493 257 1556 denas.
304 1514 321 1556 s
345 1492 417 1576 quis
440 1491 576 1555 feminas
601 1491 638 1568 Q
661 1491 789 1557 Modius
812 1492 1008 1576 Equiculus,
1030 1493 1081 1556 vir

64 1579 280 1661 fortissimus,
310 1582 410 1645 etiam
432 1584 524 1663 patre
547 1581 691 1665 militari,
721 1581 811 1645 iuxta
834 1603 871 1645 ac
894 1602 1000 1645 mares
1023 1581 1080 1644 ha-

64 1669 141 1734 bere
165 1669 298 1734 solebat
334 1670 452 1733 horum
471 1691 627 1760 equorum
651 1674 683 1734 et
705 1692 862 1754 equarum
885 1690 1000 1755 greges
1024 1669 1081 1754 qui

64 1756 185 1822 habere
208 1757 377 1840 voluntu
378 1742 537 1823 thalient
522 1758 694 1843 taliqui
684 1781 719 1823 ιιι
739 1759 965 1843 Peloponneso
990 1757 1080 1824 etin

64 1845 197 1929 Apulia,
218 1847 360 1948 primum
384 1851 531 1929 spectare
553 1852 682 1948 oportet
700 1851 849 1931 aetatem,
873 1870 969 1931 quam
987 1869 1079 1948 prae-

24 1947 51 1987 20
66 1935 191 2018 cipiunt
212 1936 266 1999 sic.
307 1934 516 1999 videmusne
540 1935 605 1999 sint
628 1936 768 2000 minores
791 1937 917 2018 trimae,
940 1936 1079 1999 maiores

65 2024 177 2088 decem
209 2044 376 2087 annorum.
436 2028 526 2088 astas
559 2025 765 2108 cognoscitur
799 2029 833 2086 et
864 2045 1021 2107 equorum
1053 2029 1110 2088 612

64 2112 133 2177 fere
157 2113 301 2176 omnium
330 2112 385 2195 qui
412 2113 553 2197 ungulas
582 2112 739 2176 indivisas
770 2111 892 2175 habent
920 2117 951 2176 st
981 2112 1080 2176 etiam

65 2203 284 2282 cornutarum,
316 2200 403 2284 quod
436 2221 535 2284 equus
567 2200 705 2284 triginta
739 2199 906 2264 mensibus
938 2200 1080 2283 primum

65 2289 179 2353 dentes
200 2288 322 2353 medios
344 2289 463 2352 dicitur
477 2287 636 2371 amittere,
655 2287 718 2353 duo
733 2288 926 2371 superioreS,
944 2288 1081 2352 totidem

25 2388 52 2428 2⁵
65 2377 245 2442 inferiores.
290 2377 480 2460 incipientes
509 2380 660 2460 quartum
688 2397 784 2461 agere
816 2396 937 2440 annum
966 2375 1081 2440 itidem

66 2465 187 2530 eiciunt
210 2468 243 2530 et
264 2466 402 2530 totidem
425 2465 544 2530 eiciunt
566 2487 742 2548 proxumos
766 2486 877 2529 eorum
901 2485 981 2547 quos
1001 2463 1079 2527 ami-

66 2557 193 2638 serunt,
220 2557 254 2618 et
282 2555 442 2637 incipiunt
464 2554 568 2636 nasci,
596 2576 676 2637 quos
706 2558 825 2618 vocant
848 2552 1080 2618 columellares.

65 2643 181 2727 quinto
218 2664 303 2706 anno
336 2643 493 2725 incipient
495 2663 512 2706 e
479 2643 569 2706 tti
555 2647 620 2706 tem
653 2643 766 2707 eodem
801 2641 896 2706 modo
931 2641 1026 2706 amitt
1012 2645 1110 2707 tere3

156 2816 245 2870 lnisi
264 2833 297 2871 ex
316 2815 369 2886 eis]
388 2815 489 2870 niestei
579 2817 728 2886 oportent
818 2816 992 2870 deducuntur
1010 2816 1080 2883 Pol,

64 2886 202 2941 diducunt
190 2891 237 2940 tur
260 2889 385 2957 plurimo
413 2888 575 2956 apoprapaa
665 2886 771 2941 F11eu1s
795 2885 896 2956 (leuius
920 2857 1081 2956 apographd

63 2959 226 3020 recentiora)
335 2957 534 3039 9bryndisino
633 2959 837 3027 cumportant
911 2963 942 3013 12
961 2957 1081 3011 lucinius

66 3035 100 3082 13
127 3028 227 3096 inquid
341 3033 373 3082 15
401 3027 577 3097 feminasque
604 3028 714 3084 modius
727 3029 833 3096 ,mendi
859 3033 908 3083 aot
908 3046 926 3082 a
953 3028 1081 3096 adposito

65 3106 100 3154 18
119 3098 270 3154 uoluerunt
351 3105 386 3153 20
405 3097 446 3153 sie
464 3115 514 3154 om.
593 3105 626 3153 21
647 3102 676 3152 et
694 3114 828 3166 equorum
847 3099 906 3152 fere
978 3103 1013 3150 24
1032 3097 1079 3150 ad·

64 3168 180 3224 mittere
198 3170 339 3239 (amittere
362 3169 400 3238 V)
486 3174 520 3222 28
540 3168 718 3223 admitterem
732 3167 822 3222 bimas
842 3185 905 3222 cum
924 3183 1008 3222 canos

156 3313 306 3380 dportant
324 3328 350 3364 m
414 3311 578 3379 9oomport
579 3312 628 3364 ant
645 3310 703 3365 cod.
725 3309 793 3362 Par.
858 3313 891 3362 12
911 3307 1079 3363 Lucienuso

66 3382 284 3508 ἐξωρωιέοοεᾶῗιι
303 3382 442 3437 Vectorius
496 3387 529 3436 21
550 3383 579 3436 et
598 3397 733 3449 equorum
752 3381 781 3434 et
798 3379 888 3435 feres
945 3383 978 3433 28
999 3377 1080 3432 amit-
