2452 3938
148 156 191 220 60
556 154 754 228 unaucursj

81 317 171 372 XLIX
239 298 321 365 Cum
351 300 560 366 conticuisset
592 322 653 364 nec
686 301 958 384 interrogaretur,
988 297 1027 362 de
1061 299 1166 363 nutri-

149 393 224 455 catu
248 389 380 454 credens
397 390 481 453 nihil
500 389 683 473 desiderari,
706 388 831 472 Dicam,
854 387 971 471 iuquit,
993 387 1033 451 de
1050 385 1166 452 fructi·

148 480 209 543 bus
237 479 373 544 maturis
401 478 576 562 capiendis,
620 479 761 561 primum
785 477 823 541 de
850 477 955 560 pratis
979 477 1166 541 summissis

148 568 262 650 herba,
290 589 362 633 cum
386 589 527 632 crescere
551 567 648 631 desiit
670 570 703 630 et
726 569 819 630 aestu
842 565 969 649 arescit
997 565 1167 630 subsecari

149 656 287 720 falcibus
311 655 407 720 debet
431 660 478 738 et,
505 655 611 740 quaad
638 658 834 739 perarescat,
862 654 998 719 furcillis
1024 653 1166 719 versari:
1192 673 1204 715 s

150 767 224 809 cum
243 745 395 829 peraruit,
413 745 452 808 de
470 744 522 809 his
541 744 725 827 manipulos
745 743 816 807 fieri
834 764 871 807 ac
890 741 965 807 vehi
979 741 1020 807 ad
1038 742 1166 807 villam:

149 838 218 898 tum
247 833 285 896 de
312 833 414 916 pratis
444 833 600 917 stipulam
630 832 773 897 rastellis
802 831 891 896 eradi
920 834 1018 915 atque
1049 831 1167 896 addere

120 921 337 987 2faenisiciae
366 921 539 987 cumulum.
585 943 648 1005 quo
675 921 764 985 facto
796 919 964 985 sicilienda
993 923 1106 1004 prata,
1133 919 1167 984 id

150 1015 200 1076 est
221 1010 360 1075 falcibus
384 1009 600 1074 consectanda
624 1031 706 1094 quae
730 1009 901 1074 faenisices
928 1005 1169 1093 praeterierunt

151 1121 188 1164 ac
207 1100 300 1182 quasi
317 1098 421 1162 herba
438 1099 629 1163 tuberosum
647 1099 847 1182 reliquerunt
864 1119 1023 1182 campum.
1062 1119 1085 1162 a
1103 1119 1168 1181 qua
1181 1116 1205 1156 10

151 1188 293 1252 sectione
316 1187 459 1251 arbitror
481 1184 603 1252 dictum
626 1187 748 1252 sicilire
770 1190 909 1270 pratum.
1070 1243 1074 1252 .

116 1292 137 1344 L
241 1274 358 1339 Messis
385 1276 516 1358 proprio
544 1275 675 1341 nomine
698 1275 817 1340 dicitur
844 1276 878 1339 in
901 1275 943 1340 iis
966 1296 1049 1358 quae
1072 1274 1168 1338 meti-

150 1386 235 1444 mur,
265 1364 405 1428 maxime
434 1366 468 1429 in
498 1364 675 1449 frumento,
705 1367 738 1427 et
766 1365 807 1428 ab
837 1385 874 1429 eo
905 1385 976 1428 esse
1006 1362 1168 1428 vocabulo

152 1452 323 1518 declinata.
359 1453 514 1518 frumenti
532 1455 596 1518 tria
616 1474 736 1538 genera
755 1456 831 1517 sunt
853 1453 1034 1530 messionis,
1057 1473 1169 1535 unum,

56 1602 59 1606 ,
152 1546 189 1606 ut
215 1543 251 1605 in
273 1541 424 1626 Vmbria,
450 1543 509 1606 ubi
536 1543 620 1607 falce
649 1541 825 1606 secundum
853 1545 975 1606 terram
1000 1541 1170 1606 succidunt
1184 1558 1206 1600 1⁵

153 1634 367 1694 stramentum
390 1635 423 1694 et
445 1632 663 1715 manipulum,
690 1634 727 1694 ut
750 1651 907 1714 quemque
932 1629 1171 1713 subsieuerunt,

123 1722 281 1801 2p0nunt
304 1719 339 1781 in
363 1722 460 1783 terra.
497 1719 554 1783 ubi
577 1741 633 1782 eos
651 1720 800 1782 fecerunt
817 1720 948 1802 multos,
971 1719 1094 1783 iterum
1115 1739 1170 1782 eos

152 1810 345 1890 percensent
368 1828 406 1870 ac
429 1807 468 1871 de
492 1807 629 1890 singulis
653 1811 765 1871 secant
791 1807 878 1872 inter
900 1807 1007 1890 spicas
1031 1810 1064 1871 et
1088 1810 1170 1871 stra·

152 1897 306 1968 mentum.
352 1895 458 1978 spicas
487 1896 630 1961 coiciunt
656 1896 691 1960 iu
720 1896 850 1981 corbem
879 1900 976 1980 atque
999 1896 1035 1960 in
1058 1917 1171 1960 aream

152 1984 297 2066 mittunt,
321 1985 501 2049 stramenta
523 1984 686 2050 relincunt
707 1984 743 2048 in
767 1988 884 2069 segete,
908 1985 992 2048 unde
1009 1984 1171 2048 tollantur
1184 2002 1208 2043 a

153 2072 186 2135 in
217 2094 376 2138 acervum.
421 2073 524 2139 altero
552 2074 649 2139 modo
672 2076 812 2156 metunt,
842 2074 935 2137 utin
958 2072 1092 2154 Piceno,
1115 2073 1172 2137 nbi

152 2160 298 2244 ligneum
329 2161 453 2226 habent
485 2163 654 2228 incurvum
686 2162 855 2245 bacillum,
888 2162 923 2226 in
950 2183 1012 2245 quo
1047 2161 1091 2225 sit
1119 2183 1171 2225 ex-

152 2251 257 2312 tremo
288 2251 412 2314 serrula
442 2250 556 2317 ferrea.
608 2251 688 2315 haec
719 2272 792 2315 cum
822 2251 1016 2333 conprendit
1046 2249 1171 2314 fascem

154 2336 329 2421 spicarum,
358 2339 487 2405 desecat
515 2344 548 2405 et
575 2343 756 2404 stramenta
784 2340 907 2405 stantia
930 2339 964 2401 in
988 2342 1101 2424 segete
1124 2360 1171 2404 re

56 2488 59 2496 ,
153 2425 285 2510 linquit,
313 2430 350 2490 ut
376 2432 491 2512 postea
520 2429 738 2494 subsecentur.
784 2428 882 2493 tertio
905 2426 1002 2492 modo
1026 2427 1171 2510 metitur,
1185 2445 1210 2488 a

152 2519 189 2578 ut
212 2516 272 2580 sub
296 2516 375 2580 urbe
398 2517 505 2582 Roma
528 2523 560 2582 et
585 2518 664 2583 locis
691 2517 868 2601 plerisque,
896 2521 933 2580 ut
956 2519 1171 2581 stramentum

153 2602 295 2667 medium
319 2604 493 2688 subsicent,
517 2606 602 2689 quod
622 2628 721 2670 mauu
741 2605 875 2671 sinistra
894 2627 1057 2670 summum
1075 2627 1171 2689 pren·

155 2691 249 2755 dunt:
270 2713 289 2754 a
304 2713 367 2774 quo
386 2693 493 2757 medio
512 2715 650 2758 messem
666 2694 788 2758 dictam
806 2699 896 2777 puto.
933 2693 1021 2758 infra
1035 2715 1172 2758 manum

155 2782 368 2843 stramentum
389 2781 474 2865 quod
492 2802 562 2846 cum
579 2786 668 2847 terra
685 2783 808 2866 haeret,
829 2785 946 2867 postca
965 2783 1171 2867 subsecutum

124 2870 269 2932 3contra
296 2867 384 2950 quod
413 2890 485 2934 cum
510 2872 599 2955 spica
623 2874 840 2935 stramentum
862 2871 990 2952 haeret,
1015 2869 1169 2935 corbibus
1183 2888 1208 2926 ³0

152 2955 187 3019 in
211 2977 319 3019 aream
343 2956 495 3023 defertur.
532 2960 579 3024 ibi
603 2960 739 3025 discedit
761 2961 796 3023 iu
820 2963 933 3042 aperto
952 2960 1025 3024 loco
1044 2959 1170 3042 palam:

244 3136 259 3184 7
278 3130 369 3199 adque
459 3139 492 3186 12
511 3132 604 3188 inhia
623 3133 663 3203 (in
680 3133 716 3186 iis
735 3133 897 3204 apopropba
914 3133 1061 3199 nonnulla)
1136 3139 1169 3186 17

152 3203 260 3270 ponent
360 3208 393 3257 19
413 3203 537 3259 coiciunt
554 3203 708 3272 (coniciunt
727 3205 799 3272 Pol,
818 3204 942 3258 coiciunt
956 3204 1084 3272 plurima
1102 3219 1169 3272 apo·

152 3273 271 3341 prapbo)
343 3279 377 3329 22
397 3276 521 3330 extrema
593 3281 628 3329 24
647 3275 736 3344 segeti
755 3275 862 3343 (segete
885 3274 917 3341 V,
937 3274 1028 3342 segeti
1041 3276 1171 3344 plurimo

153 3345 325 3414 apoprapba)
402 3351 436 3401 29
455 3347 531 3414 quod
549 3349 625 3400 terra
642 3346 742 3400 haeret
851 3408 854 3415 ¹

166 3508 171 3518 '
243 3511 274 3558 1⁷
295 3505 404 3574 ponunt
421 3521 469 3560 mo
541 3512 575 3560 22
594 3508 717 3560 extremo
736 3521 752 3559 o
