2452 3938
317 153 448 210 RERVM
465 152 702 208 RVSTICARVM
720 153 786 209 LIB.
806 154 832 207 ll
850 160 920 210 8-e
1064 155 1126 220 109

113 303 190 365 caut
191 320 224 363 es
258 300 440 364 educamus.
486 298 520 363 hi
555 300 583 363 si
615 300 650 364 in
682 300 792 383 palust
778 300 883 364 tribus
914 301 1064 365 loeisat
1030 304 1157 386 atque5

111 388 281 472 uliginosis
302 392 360 452 nat
361 389 381 470 i,
346 386 526 453 thabent
545 389 684 472 ungulas
704 388 835 471 molles3
871 388 1002 452 idern
976 411 1005 453 si
1024 391 1128 454 exacti

112 479 188 542 sunt
222 477 345 541 aestivo
377 477 565 559 tempore'
556 498 590 541 m
622 480 714 541 mont
716 499 772 560 es,·
792 477 878 560 quod
909 477 989 541 fit
980 499 1015 540 ιιι
1048 499 1126 562 agro

110 565 261 648 Reatino,
284 565 465 629 durissimis
488 565 620 649 ungulis
643 566 734 628 liunt.
779 565 811 628 in
837 585 936 651 grege
967 565 1127 630 mulorum

84 654 257 737 sperando
281 653 456 737 spectanda
480 658 570 718 aetas
592 657 625 717 et
642 653 757 737 forma,
781 654 928 737 alterum,
952 656 1018 718 ut
1004 675 1040 719 ιιι
1059 676 1126 719 veo·

110 743 193 806 turis
210 741 343 806 sufferre
357 742 485 806 labores
499 743 639 824 possint;
655 743 802 826 alterum,
815 748 853 807 ut
867 705 977 807 oeulos
994 747 1127 825 aspectu

111 831 272 894 delectare
297 835 426 915 queant.
472 830 561 895 hisee
592 830 678 895 enim
706 830 791 895 binis
816 831 995 896 ooniunetis
1019 833 1128 895 omnia

110 919 262 984 vehieula
288 919 323 982 in
352 919 412 983 viis
441 920 610 983 ducuntur.
654 920 734 983 haee
757 941 808 983 me
831 919 972 984 Reatino
996 925 1156 985 auetoress

110 1008 287 1091 probares,
321 1007 400 1070 mihi
432 1007 551 1090 inquit,
582 1007 648 1071 nisi
679 1012 716 1072 tu
748 1008 818 1090 ipse
852 1007 940 1072 domi
972 1029 1128 1093 equarum

71 1123 97 1162 ιο
112 1116 231 1186 greges
259 1095 396 1160 haberes
421 1097 643 1161 aemulorum
667 1117 782 1181 greges
806 1096 1015 1162 vendidisses.
1056 1097 1127 1161 hin-

111 1207 174 1249 nus
199 1180 255 1268 qul
278 1184 472 1267 appellatur,
496 1189 546 1248 est
569 1207 608 1249 ex
628 1206 709 1269 equo
731 1189 763 1249 et
783 1185 883 1270 asina,
906 1185 1012 1250 minor
1032 1208 1128 1271 quam
1189 1204 1193 1210 ·

111 1273 222 1337 mulus
259 1295 409 1356 corpore,
446 1275 633 1356 plerumque
669 1273 887 1357 rubicundior,
924 1275 1129 1340 auribust
1092 1279 1129 1338 ut

112 1361 254 1445 equinis,
282 1362 392 1425 iubam
422 1366 456 1425 et
479 1362 613 1426 eandam
636 1362 725 1426 habet
746 1362 884 1425 similem
910 1363 1003 1428 asini.
1048 1364 1128 1427 item

111 1449 147 1514 in
166 1452 279 1514 ventre
299 1453 357 1533 est,
380 1454 417 1514 ut
435 1472 545 1534 equus,
569 1471 696 1514 menses
715 1449 892 1515 duodecim.
928 1450 1027 1514 hosee
1048 1452 1129 1515 item

71 1563 98 1604 15
112 1541 149 1602 ut
177 1539 285 1602 eeulos
314 1544 346 1603 et
375 1538 511 1602 educant
539 1541 572 1603 et
600 1539 692 1603 alunt
720 1541 753 1602 et
781 1541 921 1601 aetatem
950 1559 1061 1603 eorum
1090 1561 1128 1603 ex

111 1626 263 1690 dentibus
287 1629 497 1712 cognoscunt.
893 1624 894 1627 ’

202 1714 416 1799 Relinquitur,
434 1716 540 1798 inquit
554 1714 696 1798 Atticus,
714 1715 753 1781 de
773 1714 1022 1799 quadripedibus
1041 1715 1128 1799 quod
1137 1727 1175 1784 IX

113 1803 154 1867 ad
183 1824 278 1868 eanes
308 1805 439 1886 attinet,
466 1805 548 1886 qaod
566 1805 702 1888 pertinet
728 1805 867 1868 maxime
896 1805 935 1869 ad
963 1826 1040 1887 nos,
1073 1805 1129 1888 qui

111 1913 212 1975 peeus
240 1893 402 1976 pascimus
430 1893 550 1958 lauare.
596 1894 685 1958 oanis
717 1893 803 1957 enim
832 1893 906 1973 [ita]
936 1897 1045 1958 eustos
1073 1915 1127 1976 pe·

71 2006 99 2046 so
112 1981 198 2045 eoris
227 1983 286 2062 [et]
318 1981 386 2045 eius
415 1981 500 2065 quod
528 2003 565 2045 eo
595 1983 713 2046 comite
739 1981 865 2066 indiget
892 1980 932 2044 ad
962 2003 996 2044 se
1020 1980 1129 2044 defen-

112 2069 262 2134 dendum.
314 2069 349 2133 in
382 2091 445 2154 quo
480 2090 597 2152 genere
626 2073 702 2133 sunt
728 2071 867 2132 maxime
895 2090 984 2151 oves,
1016 2068 1129 2133 deinde

112 2179 240 2241 caprae.
285 2157 344 2222 has
369 2159 454 2221 enim
477 2159 571 2242 lupus
594 2162 725 2242 captare
750 2157 842 2240 solet,
866 2157 917 2222 eui
937 2158 1129 2242 opponimus

112 2267 209 2311 canes
238 2245 431 2312 defensores.
477 2245 513 2309 in
540 2245 636 2310 suillo
664 2267 778 2329 peeore
805 2248 915 2309 tamen
943 2249 1018 2310 sunt
1047 2267 1128 2330 quae
1202 2254 1204 2258 ’

113 2356 149 2398 se
176 2334 354 2418 vindicent,
387 2337 487 2416 [sues]
516 2355 637 2414 verres,
670 2333 817 2414 maiales,
850 2333 982 2398 serofae.
1027 2355 1128 2418 prope

70 2446 99 2488 aa
114 2423 201 2486 enim
227 2423 307 2487 haee
340 2424 440 2507 apris,
468 2423 524 2506 qui
551 2423 585 2485 in
613 2422 704 2487 silvis
732 2443 826 2504 saepe
855 2422 1004 2487 dentibus
1033 2443 1128 2485 canes

115 2511 309 2576 oeciderunt.
347 2511 423 2596 quid
442 2511 547 2576 dicam
567 2511 605 2574 de
624 2532 740 2594 pecore
761 2509 906 2575 maiore?
931 2532 1003 2575 eum
1026 2510 1158 2575 etiami

113 2601 277 2664 mulorum
297 2620 438 2685 gregem,
461 2622 534 2665 eum
553 2602 740 2683 pasceretur
757 2604 786 2663 et
803 2621 841 2663 eo
860 2599 1003 2663 venisset
1021 2599 1127 2682 lupus,

113 2688 202 2753 ultro
232 2690 336 2752 mulos
366 2688 617 2779 eireumfluxisse
646 2693 678 2753 et
704 2688 835 2773 ungulis
863 2688 1035 2753 caedendo.
1055 2709 1128 2752 eum

205 2898 332 2967 ladque
401 2897 465 2951 tin
484 2904 548 2953 onte
565 2898 688 2952 vecturis
706 2914 756 2952 om.
826 2897 950 2952 tooulis
1015 2903 1048 2952 10
1067 2897 1128 2951 uin·

112 2967 234 3023 didisses
289 2975 322 3023 13
347 2970 434 3023 habet
457 2985 506 3023 om.
563 2973 596 3022 15
614 2969 734 3024 educant
753 2969 888 3037 (educunt
906 2969 944 3037 V)
1002 2974 1035 3023 18
1054 2970 1129 3036 quod

111 3039 239 3110 pertinet
256 3056 306 3096 om.
383 3046 415 3093 19
435 3056 517 3094 canes
536 3038 610 3093 enim
682 3045 716 3094 20
735 3039 822 3110 quod]
843 3040 891 3107 qui
949 3045 983 3093 27
1002 3054 1129 3108 passere-

111 3113 161 3165 tur
179 3127 212 3165 eo
230 3111 355 3165 uenisset

204 3288 335 3342 esculos
355 3287 502 3342 Iueumdas
575 3292 607 3340 19
631 3286 708 3340 oanis
732 3285 841 3340 enimv
912 3283 955 3338 ita
974 3286 1066 3340 custos
1084 3287 1128 3339 est

113 3358 225 3428 peeoris
244 3361 277 3413 ut
294 3358 366 3425 eius,
391 3358 464 3426 quod
489 3373 521 3413 eo
545 3359 647 3412 comite
665 3357 775 3426 indiget
793 3356 941 3411 Ioeapdue
1011 3361 1047 3409 24
1066 3372 1128 3409 sues

113 3430 212 3485 delevit
236 3429 393 3485 Pontedera
415 3430 501 3498 antiq.
519 3446 549 3498 p.
569 3433 624 3484 438
714 3435 748 3484 27
772 3433 934 3498 pasceretur
902 3430 986 3482 uret
1007 3427 1130 3481 uenisset

115 3517 185 3556 eorr.
204 3502 366 3570 pasceretur
385 3517 418 3556 eo
438 3502 466 3555 et
484 3499 608 3555 uenisset
629 3499 685 3556 ιοιι.
705 3500 772 3555 Por.
