2452 3938
103 153 145 219 98
519 151 707 208 VARRONIS

103 300 217 364 latine¹
233 320 329 383 quam
359 295 506 361 Hirrium
528 301 711 381 praetorem
733 296 956 362 renuntiatum
979 296 1115 360 Romam

103 389 139 452 in
166 392 313 453 senatum
344 386 501 469 scriptum
531 386 698 452 habemus.
744 385 799 450 sed
826 386 914 450 bono
943 385 1052 450 animo
1076 405 1116 467 es,

105 498 170 541 non
184 477 292 540 minus
308 474 507 541 satisfaciam
521 474 592 557 tibi,
607 496 704 559 quam
718 476 774 559 qui
784 473 969 560 Bugoniam
980 473 1116 556 scripsit.

75 574 93 632 6
192 564 336 629 Primum
360 564 395 628 in
415 563 535 628 bubulo
556 584 671 647 genere
691 563 808 628 aetatis
828 562 947 647 gradus
967 562 1116 626 dicuntur

105 657 267 738 quattuor,
289 653 395 737 prima
417 652 601 736 vitulorum,
625 651 764 716 secunda
781 651 1000 734 iuvencorum,
1023 650 1118 714 tertia
1137 652 1161 731 s,

104 742 223 807 bovum
252 741 472 824 novellorum,
505 745 621 825 quarta
652 740 844 805 vetulorum.
895 738 1118 803 discernuntur
1159 770 1161 816 ς

104 832 139 895 in
169 832 276 914 prima
307 830 428 895 vitulus
461 834 494 892 et
525 829 639 911 vitula,
668 829 703 892 in
735 828 874 893 secunda
905 830 1061 892 iuvencus
1089 830 1119 890 et
1158 888 1161 897 ,

104 920 253 1004 iuvenca,
285 919 321 983 in
352 918 450 983 tertia
480 921 513 981 et
540 919 658 999 quarta
686 916 798 981 taurus
826 920 859 980 et
885 937 993 981 vacca.
1040 936 1117 1000 quae

106 1008 227 1072 sterilis
260 1011 311 1072 est
344 1026 457 1088 vacca,
487 1008 583 1069 taura
616 1006 798 1089 appellata3
835 1027 917 1088 quae
950 1024 1117 1088 praegnas,

104 1095 218 1161 horda.
273 1095 314 1158 ab
347 1115 385 1157 eo
417 1093 451 1156 in
484 1093 577 1158 fastis
612 1093 680 1158 dies
712 1092 891 1159 hordicidia
922 1094 1117 1175 nominatur,
1128 1116 1147 1156 u

75 1184 190 1269 lquod
221 1186 291 1247 tum
314 1181 436 1247 bordae
459 1183 558 1247 boves
581 1182 790 1247 inmolantur.
835 1183 890 1266 qui
914 1202 1049 1266 gregem
1072 1202 1116 1244 ar·

105 1276 287 1336 mentorum
319 1291 425 1336 emere
455 1272 539 1355 vult,
571 1271 743 1336 observare
772 1269 869 1334 debet
896 1271 1053 1354 primum,
1084 1274 1117 1332 ut

105 1360 172 1423 sint
204 1379 261 1423 eae
292 1360 431 1442 pecudes
465 1363 571 1424 aetate
600 1360 710 1442 potius
740 1359 781 1423 ad
812 1358 937 1424 fructos
969 1357 1116 1423 ferendos

105 1447 253 1531 integrae
277 1468 375 1532 quam
397 1449 464 1513 iam
482 1451 648 1533 expertae,
672 1453 709 1513 ut
728 1449 793 1513 sint
816 1448 898 1512 bene
921 1447 1116 1530 conpositae,
1153 1514 1157 1521 ,

105 1540 142 1600 ut
168 1535 303 1620 integris
331 1538 499 1621 membris,
533 1537 708 1621 oblongas,
741 1537 882 1620 amplae,
911 1535 1142 1621 nigrantibusu

106 1625 266 1708 cornibus,
285 1625 362 1690 latis
376 1625 549 1709 frontibus,
568 1626 669 1690 oeulis
684 1626 812 1710 magnis
828 1630 861 1689 et
873 1625 987 1708 nigris,
1006 1623 1115 1708 pilosis

59 1758 71 1779 .
106 1713 248 1791 auribus,
267 1715 450 1796 conpressis
469 1714 565 1778 malis
585 1715 758 1798 subsimae,
779 1735 820 1777 ne
839 1713 1004 1798 gibberae,
1027 1712 1116 1796 spina

104 1800 221 1866 leviter
243 1801 388 1885 remissa,
411 1803 531 1886 apertis
554 1803 703 1885 naribus,
730 1802 832 1867 labris
856 1801 1034 1885 subnigris,
1057 1821 1115 1865 oer-

75 1889 230 1956 8vioibus
254 1891 372 1954 crassis
395 1912 433 1954 ae
456 1890 579 1974 longis,
610 1914 629 1955 a
652 1892 736 1957 collo
760 1893 854 1974 palea
877 1890 1030 1972 demissa,
1053 1909 1114 1954 cor·

105 1999 184 2062 pore
202 1980 284 2043 bene
303 1983 439 2057 costato,
463 1979 540 2044 latis
559 1979 687 2064 umeris,
710 1982 804 2045 bonis
823 1979 981 2060 clunibus,
1006 1977 1143 2044 eoduma

106 2067 272 2150 profusam
286 2089 389 2153 usque
404 2067 445 2133 ad
459 2069 562 2133 caloes
576 2072 613 2132 nt
626 2069 777 2152 habeant,
792 2067 978 2133 inferiorem
992 2070 1115 2150 partem

105 2155 328 2241 frequentibus
356 2157 432 2240 pilis
461 2157 677 2241 subcrispam,
704 2157 850 2222 cruribus
878 2155 987 2239 potius
1019 2155 1116 2219 mino·

105 2245 195 2309 ribus
226 2245 337 2329 rectis,
377 2246 513 2329 genibus
547 2247 696 2311 eminulis
729 2245 925 2310 distantibus
958 2244 1046 2308 inter
1078 2263 1117 2320 se,
1150 2312 1154 2319 ι

105 2334 241 2417 pedibus
268 2356 335 2399 non
363 2334 452 2419 latis,
483 2355 587 2418 neque
620 2334 878 2420 ingredientibus
911 2333 966 2418 qui
999 2333 1117 2418 displu-

105 2422 236 2507 dantur,
263 2444 322 2488 neo
350 2424 440 2488 ouius
468 2423 609 2508 ungulae
637 2424 793 2506 divarent,
821 2427 854 2486 et
881 2422 972 2487 cuius
996 2437 1146 2507 unguesu

106 2513 171 2576 sint
193 2514 279 2577 leves
303 2516 337 2576 et
359 2533 463 2595 pares,
486 2513 609 2577 corium
635 2514 681 2593 [a]
706 2516 795 2578 tactu
819 2533 884 2575 non
908 2531 1062 2594 asperum
1085 2531 1119 2573 ac

197 2655 211 2702 1
230 2649 347 2703 hirrium
367 2649 493 2718 (hirtium
506 2650 552 2721 .V,
570 2650 693 2719 hyrtium
713 2651 770 2707 cod.
790 2649 879 2718 Flos,
906 2647 1028 2702 hirrium
1052 2647 1118 2702 Via.

106 2725 131 2775 et
145 2721 270 2788 plurima
289 2722 459 2790 upoprapba)
582 2720 730 2776 onouello
750 2721 935 2789 (nonullorum
958 2718 990 2787 V,
1009 2719 1119 2773 nouella

106 2806 175 2845 corr.
195 2789 372 2844 nouellornm
394 2793 502 2847 uiduus
528 2793 560 2847 r'u
579 2794 723 2862 archetypo
741 2792 837 2862 fuisse)
910 2796 944 2844 10
962 2789 1119 2845 infastidies

108 2860 149 2930 (in
166 2861 247 2914 fastis
272 2862 331 2916 dies
355 2862 393 2927 V)
460 2862 616 2919 hordiealia
637 2862 818 2918 nominantur
906 2867 939 2916 12
966 2860 1119 2916 subsimine

106 2931 218 3001 gibberi
291 2938 323 2986 18
343 2931 472 3002 subagris
545 2941 577 2989 19
597 2933 700 3004 grassis
756 2933 864 2989 acollo
885 2949 1002 3002 corpore
1022 2931 1120 3001 apuleo

107 3003 229 3056 demissa
247 3003 379 3072 (demisso
398 3004 437 3071 V)
455 3005 528 3059 bene
547 3007 670 3061 costatos
724 3011 758 3059 22
778 3004 929 3074 subcrispis
984 3009 1019 3058 23
1038 3004 1121 3057 inter·

107 3074 238 3143 spodibus
311 3080 345 3129 26
363 3076 482 3148 corium]
501 3075 604 3131 terium

198 3223 232 3271 10
249 3215 406 3272 hordioidia
424 3216 575 3273 Muellerus
593 3220 625 3272 r'u
643 3218 716 3272 Fert.
733 3221 843 3285 p.102,
860 3221 897 3273 15
960 3216 1121 3271 nominatur

112 3286 229 3343 Ursinus
293 3293 325 3342 1⁷
346 3286 487 3343 subsimae
506 3307 541 3343 ne
560 3289 693 3357 gibborae
717 3288 833 3343 Ursinus
893 3293 926 3342 18
946 3287 1087 3356 subnigris
1105 3303 1120 3340 v

108 3363 141 3411 19
170 3374 187 3412 a
212 3358 473 3428 collorpalearibus
501 3360 629 3414 demissis
657 3376 773 3429 corpore
796 3359 891 3428 amplo
916 3358 988 3412 bene
1013 3359 1120 3414 costato

104 3429 255 3553 {perusus
304 3435 338 3484 22
357 3430 531 3499 subcrispam
550 3432 698 3487 Iucuudus
743 3436 776 3484 23
796 3428 870 3484 inter
888 3445 918 3484 se
936 3429 1121 3499 pedibusue

159 3516 265 3554 conum
285 3517 302 3556 u
