2452 3938
351 157 482 212 RERVM
499 156 736 245 RVSTIGARVM
754 158 822 213 LIB.
842 159 854 212 I
874 163 890 212 2
1082 157 1121 220 11

111 301 194 389 quod
218 305 294 366 sunt
316 303 466 387 regiones
489 302 575 366 inter
598 300 754 366 circulum
776 303 1073 386 septemtrionalem
1093 308 1125 368 et

111 392 195 455 inter
219 391 383 456 cardinem
407 391 496 470 caeli,
519 389 574 453 ubi
599 391 649 454 sol
673 391 773 454 etiam
792 412 848 455 sex
866 392 1030 456 mensibus
1050 413 1124 457 con-

110 480 209 544 tinuis
238 500 305 544 non
331 479 466 544 videtur.
510 480 682 562 itaquein
706 500 826 544 oceano
849 480 884 543 in
908 501 945 543 ea
968 483 1061 562 parte
1084 502 1124 545 ne

109 567 259 652 navigari
288 567 417 652 quidem
445 589 542 651 posse
569 567 680 632 dieunt
665 571 805 670 tpropt
806 589 841 631 er
863 590 952 632 mare
976 570 1124 670 congela-

86 660 190 720 stum.
240 655 447 740 Fundanius,
479 655 542 722 Em
569 656 616 720 ibi
643 659 680 719 tu
707 657 878 740 quiequam
908 656 999 721 nasei
1029 660 1155 739 putes5

108 765 206 829 posse
235 748 292 809 aut
320 744 383 810 coli
409 743 547 809 natum?
587 766 700 808 verum
727 746 814 809 enim
842 748 893 809 est
914 744 995 809 illud
1018 745 1125 829 Pacui,

110 833 175 898 ‘sol
205 833 235 897 si
262 838 419 917 perpetuo
447 833 491 897 sit
518 835 575 897 aut
602 854 680 917 nox,
711 833 862 899 flammeo
901 831 1037 916 vapore’
1070 838 1126 899 aut

109 922 234 1006 frigore
262 924 367 986 terrae
398 922 522 986 fructos
555 922 660 985 omnis
692 921 835 986 interire.
886 942 946 1005 ego
974 921 1041 1005 hic,
1068 922 1125 986 ubi

109 1033 174 1074 nox
208 1013 242 1074 et
274 1009 342 1074 dies
375 1010 499 1074 modice
531 1008 617 1074 redit
644 1013 677 1073 et
705 1010 787 1094 abit,
816 1014 938 1093 tamen,
967 1011 1125 1075 aestivum

74 1124 97 1162 ιι
109 1099 195 1163 diem
220 1098 250 1163 si
272 1119 337 1163 non
360 1097 562 1164 diffinderem
585 1119 657 1164 meo
680 1098 821 1164 insiticio
846 1120 960 1163 somno
984 1098 1126 1181 meridie,

109 1189 217 1252 vivere
245 1208 313 1251 non
339 1208 479 1270 possem.
524 1187 654 1252 illicin
682 1188 854 1251 semenstri
878 1189 929 1251 die
953 1191 1009 1251 aut
1031 1191 1155 1252 noete6

109 1298 205 1359 quem
230 1275 426 1340 admodum
450 1274 622 1359 quicquam
647 1276 711 1339 seri
735 1280 791 1340 aut
812 1277 952 1340 alescere
971 1280 1028 1340 aut
1046 1277 1126 1341 meti

108 1362 237 1448 possit?
270 1367 384 1428 contre
408 1364 484 1447 quid
513 1363 548 1427 in
571 1361 668 1427 Italia
692 1364 830 1428 utensile
853 1386 920 1429 non
944 1363 1040 1429 modo
1060 1386 1126 1429 non

108 1453 265 1534 nascitur,
289 1452 345 1516 sed
368 1455 467 1516 etiam
489 1473 556 1517 non
580 1451 747 1536 egregium
770 1451 831 1516 iit?
870 1452 955 1536 quod
978 1451 1029 1514 far
1052 1474 1126 1517 con·

72 1565 96 1605 ιι
109 1540 216 1605 feram
240 1538 429 1624 Campano?
466 1540 551 1623 quod
573 1540 720 1604 triticum
743 1539 872 1623 Apulo?
906 1539 990 1622 quod
1013 1541 1126 1604 vinum

109 1627 273 1694 Falerno?
311 1628 416 1781 quodt
425 1629 531 1693 oleum
553 1627 723 1692 Venafro?
758 1650 826 1693 non
856 1628 1027 1693 arboribus
1051 1649 1127 1692 eon-

110 1720 176 1783 sita
204 1716 380 1801 Italia‚ut
403 1720 474 1783 tota
502 1718 684 1800 pomarium
706 1716 877 1781 videatur?
915 1739 959 1782 an
982 1717 1157 1828 Phrygia?

109 1806 217 1889 magis
240 1805 360 1870 vitibus
384 1810 551 1889 cooperta,
579 1827 675 1888 quam
704 1804 865 1871 Homerus
896 1801 1083 1890 appellat'
1064 1831 1125 1889 aa

107 1890 311 2001 πελόεσσαν,
334 1917 431 1996 quam
453 1893 557 1958 haec?
589 1897 647 1958 aut
669 1893 788 1978 Argos,
810 1895 895 1978 quod
920 1895 1007 1957 idem
1030 1900 1128 1977 poeta

69 1978 374 2065 ιοπολύιιυρονῗ“
365 2004 399 2046 ιιι
432 2004 496 2066 qua
527 1986 614 2047 terra
646 1982 794 2065 iugerum
825 2004 927 2047 unum
959 1982 1059 2047 denos
1094 1986 1127 2046 et
1197 2063 1199 2066 y

109 2072 229 2155 quinos
247 2071 348 2135 denos
367 2072 489 2136 culleos
507 2069 572 2134 fert
558 2071 666 2153 tvini‚
690 2075 770 2154 quot
796 2070 985 2154 quaedam
976 2075 1060 2134 1nt
1029 2070 1060 2135 It
1062 2072 1127 2136 alia

108 2158 285 2244 regiones?
308 2181 351 2223 an
377 2180 445 2223 non
468 2158 510 2224 M.
531 2157 612 2223 Cato
643 2159 792 2223 scribit'
783 2180 817 2222 ιιι
845 2159 929 2223 libro
953 2158 1127 2244 Originum

109 2250 172 2329 sic,
201 2247 292 2331 ‘ager
315 2246 461 2312 Gallicus
485 2248 651 2313 Romanus
680 2251 828 2329 vocatur,
856 2247 911 2329 qui
934 2247 1057 2311 viritim
1080 2248 1126 2313 cis

109 2336 297 2401 Ariminum
327 2334 421 2400 datus
449 2339 499 2400 est
526 2337 612 2400 ultre
640 2356 756 2419 agrum
783 2334 975 2399 Picentium.
1024 2337 1059 2399 in
1088 2358 1126 2401 eo

63 2449 94 2489 as
112 2446 195 2510 agro
220 2423 460 2508 aliquotfariam
483 2426 518 2489 in
541 2423 676 2507 singula
694 2423 807 2506 iugera
830 2422 912 2486 dena
936 2423 1039 2487 culleo
1060 2423 1127 2488 vini

109 2511 229 2577 fiunt’?
274 2534 381 2577 nonne
413 2515 492 2577 item
524 2512 558 2576 in
597 2531 676 2595 agro
708 2511 904 2594 Faventino,
936 2533 956 2575 a
984 2533 1048 2594 quo
1080 2512 1127 2576 ibi

109 2601 308 2666 trecenarius
337 2601 543 2685 appellantur
569 2601 666 2683 vites,
696 2599 781 2683 quod
805 2602 955 2684 iugerum
978 2604 1127 2666 trecenae

111 2690 286 2770 amphoras
318 2689 454 2754 reddat?
496 2688 598 2754 Simul
626 2689 743 2773 aspicit
774 2711 838 2773 me,
871 2687 981 2773 Certe,
1012 2689 1127 2775 inquit,

203 2896 377 2954 bomobitu'
448 2896 578 2967 opaculi
660 2898 803 2953 suestivo
822 2897 868 2952 die
941 2905 974 2953 10
992 2898 1127 2954 insiticio·

108 2989 175 3025 sum
194 2971 304 3025 numeri
323 2971 369 3024 die
442 2975 475 3023 11
494 2986 607 3038 possum
690 2975 722 3024 17
740 2968 868 3038 phryges
950 2974 983 3022 18
1002 2969 1127 3039 ampelo-

111 3058 204 3096 eseam
276 3047 311 3096 20
329 3039 479 3110 polypiron
541 3045 574 3093 21
595 3040 676 3110 quet]
696 3040 771 3108 quod
825 3045 859 3093 23
878 3038 986 3093 uiritim
1005 3056 1127 3094 cesarem

110 3111 266 3166 inundatus
344 3117 379 3166 24
397 3110 553 3180 picentium
571 3111 712 3180 (picenum
737 3110 775 3180 V)
857 3114 891 3164 25
911 3107 1128 3177 aliquodfariam

111 3189 147 3237 27
166 3181 328 3237 tricinariae
400 3182 522 3235 tricenae

184 3366 200 3414 5
220 3377 255 3413 en
273 3359 315 3414 ibi
331 3360 364 3413 tu
382 3358 531 3428 quicquam
550 3357 628 3412 nasei
647 3359 730 3427 putas
750 3357 898 3412 Iracundus
952 3362 968 3410 9
987 3355 1128 3411 aestiuum

113 3430 187 3486 diem
215 3429 333 3485 Ursinus
422 3435 456 3483 10
475 3445 537 3484 meo
564 3427 684 3483 insititio
712 3444 810 3482 somno
839 3426 956 3481 meridie
989 3428 1128 3482 Victorius

113 3506 148 3555 23
167 3499 275 3556 uiritim
295 3502 334 3555 cie
353 3499 510 3554 Ariminum
530 3500 612 3554 datus
631 3499 790 3554 Potitianis
