2452 3938
114 124 177 190 118
533 122 720 179 VARRONIS

112 269 246 353 poribus
271 269 456 334 meridianis
480 269 584 349 horis,
613 269 746 334 tametsi
769 271 902 353 propter
924 270 997 334 loca
1020 271 1054 333 et
1075 290 1126 351 pa·
1224 297 1226 319 ι

112 359 225 424 bulum
249 359 403 443 disparile
425 380 492 423 non
515 379 617 442 usque
641 379 769 442 quaque
791 356 878 423 idem
898 357 945 422 fit.
981 357 1127 422 delectis
1224 383 1226 407 ¹

114 448 193 513 duos
218 449 351 531 congios
376 447 499 511 addunt
522 448 695 531 coagulum
719 446 942 530 magnitudine
965 447 1073 532 oleae,
1094 449 1128 510 ut
1221 469 1226 497 =

114 539 216 620 coeat,
246 537 331 620 quod
354 537 469 601 melius
495 537 677 622 leporinum
701 538 734 601 et
757 535 932 600 haedinum
955 557 1055 620 quam
1078 555 1128 620 ag·
1221 560 1226 585 ¹

113 627 236 691 ninum.
282 625 338 691 alii
365 647 424 710 pro
453 626 590 710 coagulo
622 623 745 689 addunt
767 624 806 688 de
828 624 883 689 fici
905 646 998 690 ramo
1021 625 1075 689 lac
1096 627 1148 688 etr
1201 650 1226 676 ¹

114 718 250 798 acetum,
273 718 453 798 aspargunt
465 714 543 778 item
559 714 633 780 aliis
649 714 775 797 aliquot
788 713 895 793 rebus,
915 713 1002 798 quod
1018 713 1127 798 [quod]
1218 736 1226 763 =

85 802 231 868 5Graeci
250 803 417 887 appellent
436 803 493 867 alii
511 797 605 884 ὀπόν,
625 802 680 866 alii
701 798 859 886 δάκρυον.
885 800 962 867 Non
976 803 1129 887 negarim,
1219 840 1226 851 .

115 893 257 976 inquam,
280 892 351 956 ideo
377 894 456 976 aput
479 891 571 956 divae
595 891 754 956 Ruminae
777 892 932 956 sacellum
956 890 1128 975 apostori-

115 982 176 1045 bus
201 984 307 1047 satam
330 981 435 1044 ficum.
472 980 519 1044 ibi
544 980 629 1044 enim
649 981 756 1045 solent
773 980 949 1044 sacrificari
967 980 1054 1045 lacte
1072 1001 1128 1063 pro

115 1071 192 1133 vino
217 1074 250 1133 et
274 1071 361 1153 [pro]
385 1069 592 1134 lactentibus.
639 1090 782 1133 mamma
805 1069 891 1132 enim
915 1068 1019 1134 rumis
1052 1070 1159 1151 [sivero
1197 1081 1226 1159 ὲ]

115 1157 293 1237 ruminare]
300 1207 309 1240 ,
336 1160 373 1222 ut
401 1161 477 1222 ante
505 1157 667 1223 dicebant:
705 1157 832 1223 arumi
856 1157 955 1222 etiam
978 1179 1066 1223 nunc
1088 1157 1128 1222 di·
1213 1164 1222 1191 ·

88 1249 233 1311 dcuntur
257 1247 404 1311 subrumi
427 1247 518 1332 agni,
548 1247 706 1312 lactantes
731 1268 750 1311 a
772 1247 867 1312 lacte.
912 1245 977 1323 Qui
1001 1246 1129 1332 aspergi
1223 1268 1226 1278 ·

116 1336 222 1399 solent
246 1335 340 1419 sales,
366 1336 480 1401 melior
503 1336 628 1401 fossilis
652 1357 748 1420 quam
771 1337 926 1400 marinus.

202 1424 252 1489 De
266 1428 403 1490 tonsura
418 1425 526 1491 ovium
541 1425 682 1508 primum
701 1424 936 1502 animadverto,
955 1425 1128 1509 antequam
1225 1461 1226 1468 1

114 1512 268 1597 incipiam
292 1514 408 1597 facere,
430 1536 508 1579 num
533 1514 675 1579 scabiem
699 1517 757 1578 aut
780 1514 888 1578 ulcera
910 1513 1066 1597 habeant,
1087 1516 1156 1590 utu
1187 1524 1203 1597 ,³

116 1602 143 1665 si
163 1624 244 1684 opus
265 1606 324 1685 est,
343 1607 418 1666 ante
438 1606 601 1684 curentur,
620 1625 718 1687 quam
736 1603 939 1668 tondeantur.
976 1603 1127 1668 tonsurae
1188 1630 1191 1637 ·

114 1693 241 1772 tempus
265 1690 350 1754 inter
373 1692 613 1774 aequinoctium
636 1713 770 1756 vernum
796 1694 830 1755 et
848 1690 1039 1776 solstitium,
1062 1712 1127 1756 cnm

115 1778 230 1842 sudare
250 1778 440 1860 inceperunt
458 1800 543 1863 oves,
562 1803 582 1844 a
601 1802 664 1864 quo
683 1779 800 1844 sudore
817 1800 930 1844 recens
944 1779 1024 1844 lana
1037 1783 1128 1845 tonsa
1188 1810 1191 1817 ·

87 1866 227 1932 'lsucida
247 1868 410 1951 appellata
429 1870 488 1934 est.
519 1872 632 1934 tonsas
651 1873 795 1934 recentes
815 1869 927 1933 eodem
946 1868 998 1933 die
1017 1890 1127 1953 perun·

115 1959 197 2040 gunt
224 1957 299 2021 vino
329 1959 362 2021 et
392 1958 478 2041 oleo,
504 1979 571 2022 non
600 1978 694 2022 nemo
723 1958 866 2023 admixta
894 1979 968 2023 cera
999 1958 1157 2022 albastro
1198 1968 1210 2001 f·

115 2044 210 2126 adipe
238 2047 348 2130 suilla,
385 2050 419 2110 et
449 2047 477 2110 si
505 2068 543 2111 ea
566 2050 654 2111 tecta
677 2047 761 2111 solet
782 2068 862 2129 esse,
894 2068 994 2131 quam
1016 2044 1127 2112 habuit

114 2132 232 2214 pellem
246 2133 411 2217 intectam,
430 2156 501 2200 eam
516 2135 711 2200 intrinsecus
727 2136 838 2201 eadem
854 2157 889 2199 re
909 2135 1128 2220 perinungunt

115 2223 148 2285 et
175 2225 290 2305 tegunt
321 2245 441 2288 rursus.
488 2224 580 2307 siqua
614 2225 648 2287 in
675 2228 811 2288 tonsura
837 2225 970 2308 plagam
998 2224 1126 2310 accepit,

114 2331 187 2373 eum
210 2311 317 2376 locum
341 2312 494 2387 oblinunt
517 2313 588 2396 pice
606 2312 740 2397 liquida.
777 2334 852 2378 oves
870 2312 976 2376 hirtas
994 2313 1127 2378 tondent

114 2399 241 2463 circiter
263 2399 475 2465 hordeaceam
498 2422 648 2485 messem,
670 2402 705 2464 in
729 2401 801 2466 aliis
825 2402 906 2467 locis
930 2405 1007 2466 ante
1031 2400 1155 2467 faeni-ss

84 2486 203 2555 8sicia.
232 2488 363 2573 quidam
382 2489 441 2553 has
462 2489 512 2553 bis
532 2489 567 2552 in
585 2511 670 2554 anno
690 2490 837 2575 tondent,
855 2494 891 2554 ut
913 2490 949 2554 in
967 2489 1127 2575 Hispania
1184 2572 1187 2577 Ι

113 2576 271 2661 citeriore,
295 2598 332 2642 ac
356 2582 551 2642 semenstres
569 2577 694 2642 faciunt
710 2581 877 2644 tonsuras:
900 2577 1066 2661 duplicem
1082 2580 1126 2644 in·

112 2663 258 2747 pendunt
282 2687 422 2750 operam,
446 2667 531 2750 quod
556 2667 602 2732 sic
624 2667 698 2750 plus
716 2669 835 2750 putant
852 2667 921 2731 fieri
939 2668 1054 2752 lanae,
1068 2686 1125 2753 quo

203 2858 333 2912 ltamen
352 2856 376 2910 si
395 2858 458 2913 loca
475 2859 590 2928 propter
609 2860 638 2913 et
655 2857 791 2928 pabulum
853 2857 918 2912 tin
936 2872 988 2913 om.
1044 2856 1125 2913 ccli·
1204 2850 1224 2889 θ’)

113 2928 187 2997 quod
226 2929 300 2983 'lali
319 2946 392 3000 open
411 2929 450 2984 ali
469 2931 592 2984 dracuan
629 2930 787 2984 8rumniae
802 2927 954 2984 saccellum
992 2934 1027 2984 10
1041 2945 1125 2984 mam·

112 3012 175 3054 mae
195 2999 268 3054 enim
287 3018 381 3054 rumus
428 3005 460 3053 11
481 3001 567 3072 nunc]
587 3001 652 3054 inde
704 3006 736 3055 19.
752 3017 808 3069 qua
826 2999 922 3071 spargi
969 3003 1003 3055 13
1022 2999 1127 3055 fossiles

114 3071 281 3127 loscauiem
317 3070 443 3126 alsuillo
480 3077 514 3126 25
524 3070 710 3126 hordeaceam
720 3072 896 3141 (ordeaceam
904 3070 942 3141 V)
978 3069 1128 3126 toenisecis
1196 3122 1199 3131 ,

203 3272 217 3320 1
237 3267 352 3321 tametsi
369 3268 484 3337 propter
503 3265 567 3321 loca
585 3283 601 3321 o
656 3273 672 3321 2
692 3265 722 3321 in
740 3265 823 3320 lactis
847 3266 989 3320 Victorius
1043 3270 1061 3319 6
1079 3260 1127 3318 ali·

111 3339 181 3404 quot
202 3339 299 3404 rebus,
331 3337 407 3406 quod
425 3337 559 3392 Graecis
634 3337 799 3404 ἵδάκρυον
823 3337 964 3392 Victorius
1036 3334 1127 3391 eltn-

112 3407 204 3462 minae
223 3407 406 3464 Schneidcrus
461 3414 495 3463 10
514 3424 654 3464 mammae
673 3408 748 3463 enim
767 3409 889 3463 rumisv
940 3412 973 3462 13
993 3404 1128 3461 fossilisu

112 3482 145 3531 21
166 3477 249 3547 adipe
269 3479 353 3535 suilla
371 3480 535 3536 Priscianus
550 3481 566 3536 l.
588 3481 656 3550 Vp.
672 3485 738 3548 168,
756 3484 793 3535 16
811 3485 837 3536 et
855 3479 873 3535 l.
892 3478 959 3533 VII
967 3495 999 3548 p.
1014 3481 1080 3547 321,
1093 3479 1129 3533 20
