2452 3938
105 151 169 217 102
514 150 702 208 VARRONIS

104 319 176 363 cum
204 297 345 365 Lucieno
373 297 524 381 redisset,
551 296 639 381 Ego,
662 296 780 382 inquit,
802 298 841 362 de
865 297 967 363 asinis
989 298 1116 383 potissi·

103 409 192 453 mum
212 386 326 467 dicam,
348 386 434 470 quod
453 408 524 450 sum
539 385 705 470 Reatinus,
722 386 780 451 ubi
799 386 916 470 optimi
934 390 968 450 et
985 386 1118 450 maximi

103 475 195 558 fiunt
220 496 236 539 e
261 497 323 560 quo
348 475 483 540 seminio
507 495 568 558 ego
591 475 645 538 hic
668 475 836 558 procreavi
858 475 968 558 pullos
987 479 1020 539 et
1039 476 1117 560 ipsis

75 563 284 629 2Arcadibus
305 564 432 630 vendidi
452 561 653 647 aliquotiens.
681 563 781 647 igitur
800 562 966 628 asinorum
984 584 1118 648 gregem

104 654 160 737 qui
187 653 291 718 facere
319 654 389 718 vult
416 653 552 735 bonum,
580 652 720 735 primum
747 651 922 717 videndum
951 656 989 717 ut
1012 673 1149 719 marest

103 741 304 826 feminasque
332 743 418 807 bona
441 745 547 806 aetate
571 743 693 820 sumat,
721 741 847 825 utrique
870 745 908 805 ut
931 763 1030 825 quam
1053 742 1118 805 diu-

103 830 229 895 tissime
242 830 385 896 fructum
399 831 483 895 ferre
497 830 636 913 possint:
659 829 780 912 firmos,
799 829 951 894 omnibus
967 830 1118 913 partibus

103 919 269 998 honestos,
293 941 428 1002 corpore
452 919 573 1002 amplo,
597 918 734 982 seminio
758 919 858 1002 bono,
889 940 928 982 ex
951 919 1004 982 his
1028 919 1117 1002 locis,

103 1009 188 1072 unde
216 1009 341 1091 optumi
370 1011 501 1088 exeunt,
528 1007 614 1092 quod
636 1007 776 1089 faciunt,
804 1006 1024 1089 Peloponnesi
1046 1029 1118 1073 oum

103 1096 311 1179 potissimum
335 1117 390 1160 eos
414 1117 452 1160 ex
476 1095 617 1160 Arcadia
640 1099 765 1178 emant,
798 1095 833 1159 in
853 1094 951 1160 Italia
975 1117 1015 1160 ex
1040 1117 1116 1181 agro
1130 1117 1150 1158 u

102 1184 249 1248 Reatino.
294 1206 360 1248 non
389 1185 489 1269 enim,
517 1185 545 1248 si
573 1205 724 1248 murenae
749 1185 891 1268 optimae
913 1184 1015 1249 flutas
1042 1189 1117 1250 sunt

103 1271 138 1335 in
161 1270 272 1337 Sicilia
295 1276 328 1337 et
349 1273 462 1356 helops
487 1277 527 1338 ad
544 1272 696 1354 Rhodon,
719 1273 873 1338 continuo
896 1273 931 1336 hi
954 1274 1062 1356 pisces
1085 1275 1117 1338 in

74 1362 192 1426 3omni
225 1362 307 1426 mari
340 1362 463 1426 similes
496 1363 684 1426 nascuntur.
735 1358 874 1428 horum?
885 1381 1006 1446 genera
1038 1363 1116 1428 duo:

102 1471 202 1514 unum
225 1451 344 1536 ferum,
372 1473 453 1536 quos
476 1453 594 1516 vocant
617 1470 776 1535 onagros,
804 1455 838 1515 ut
860 1451 895 1514 in
917 1450 1064 1535 Phrygia
1087 1454 1117 1516 et

102 1537 265 1622 Lycaonia
288 1543 364 1604 sunt
387 1561 501 1625 greges
524 1539 634 1622 multi3
671 1540 808 1603 alterum
830 1543 1053 1624 mansuetum,
1082 1544 1146 1605 utu

103 1631 179 1692 sunt
202 1622 236 1692 in
258 1628 356 1692 Italia
379 1650 500 1693 omnes.
546 1628 585 1693 ad
616 1629 862 1692 seminationem
885 1649 1028 1713 onagros
1051 1629 1115 1695 ido·

101 1737 192 1798 neus,
221 1717 306 1799 quod
335 1720 367 1781 et
395 1738 412 1779 e
438 1716 507 1782 fero
534 1717 572 1780 fit
594 1720 781 1782 mansuetus
812 1716 907 1781 facile
931 1721 965 1781 et
988 1740 1006 1782 e
1029 1740 1115 1784 man·

102 1807 193 1868 sueto
225 1804 313 1868 ferus
345 1826 531 1889 numquam.
585 1806 669 1888 quod
702 1806 824 1870 similes
853 1810 1032 1889 'parentum
1065 1828 1114 1892 ge-

100 1896 239 1974 nuntur‚
267 1893 407 1978 eligendi
435 1898 468 1957 et
491 1914 561 1957 mas
589 1897 622 1958 et
648 1894 770 1959 femina
797 1916 870 1959 cum
896 1894 1058 1979 dignitate
1081 1899 1115 1960 ut

102 1980 154 2047 sit.
195 1982 229 2045 in
252 1982 423 2047 mercando
443 1983 523 2047 item
541 1991 578 2046 ut
596 1987 722 2048 ceterae
739 1984 877 2066 pecudes
897 1982 1114 2066 emptionibus
1126 2003 1146 2044 u

102 2073 134 2133 et
156 2070 388 2136 traditionibus
417 2071 583 2136 dominum
611 2075 752 2154 mutant,
779 2075 812 2136 et
839 2072 878 2136 de
907 2073 1048 2137 sanitate
1081 2094 1116 2138 ac

71 2165 187 2222 4noxa
214 2159 299 2223 solet
325 2161 440 2226 caveri.
486 2160 651 2225 commode
678 2163 855 2244 pascuntur
882 2160 970 2224 farre
994 2167 1029 2226 et
1052 2161 1114 2226 fur·

101 2245 226 2312 furibus
255 2247 453 2314 hordeaceis.
506 2249 721 2314 admittuntur
753 2254 828 2314 ante
861 2249 1049 2334 solstitium,
1082 2254 1116 2314 ut

102 2335 214 2400 eodem
237 2339 383 2421 tempore
407 2338 539 2402 alterius
559 2338 635 2402 anni
653 2338 795 2422 pariant:
819 2337 1010 2403 duodecimo
1031 2340 1115 2404 enim

100 2445 211 2490 mense
239 2431 431 2509 conceptum
460 2447 570 2490 semen
596 2426 743 2491 reddunt.
793 2430 987 2510 praegnates
1020 2443 1149 2511 operere

100 2513 224 2579 levant:
247 2518 359 2579 venter
373 2516 459 2579 enim
473 2514 584 2580 labore
601 2515 768 2580 nationem
786 2515 892 2579 reddit
914 2515 1116 2581 deteriorem.

100 2623 222 2666 marem
249 2624 317 2668 non
345 2603 523 2687 deiungunt
547 2604 587 2669 ab
611 2625 725 2687 opere,
749 2603 835 2688 quod
857 2603 1050 2669 remissione
1073 2606 1116 2669 la·

100 2689 190 2754 boris
222 2690 260 2754 fit
293 2691 442 2757 deterior.
493 2691 528 2756 in
560 2696 655 2776 partu
688 2691 800 2756 eadem
832 2693 898 2757 fere
932 2692 1116 2777 observant,

101 2798 182 2860 quae
214 2779 249 2842 in
281 2780 381 2863 equis.
432 2781 607 2845 secundum
641 2785 771 2864 partum
798 2781 905 2865 pullos
934 2802 1020 2845 anno
1049 2803 1116 2846 non

99 2871 268 2931 removent
291 2889 310 2930 a
333 2870 446 2932 matre.
490 2869 638 2952 proximo
662 2890 747 2935 anno
770 2870 920 2934 noctibus
945 2869 1116 2953 patiuntur
1128 2888 1152 2928 oo

191 3004 393 3096 lreddidisset
500 3042 597 3114 oqui]
616 3043 685 3112 quin
794 3042 918 3112 ‘Ipossit
1031 3050 1064 3098 10
1083 3060 1116 3098 ex

99 3111 329 3167 arcadiemebant
348 3114 393 3182 (ex
411 3113 525 3168 arcadia
544 3115 676 3168 emebant
699 3113 738 3184 V)
822 3120 854 3167 11
875 3113 1000 3183 optimae
1021 3114 1115 3170 elutae

101 3189 136 3236 14
154 3185 186 3238 ut
199 3189 264 3253 post
282 3200 402 3252 onagros
421 3199 470 3241 om.
507 3189 542 3238 28
561 3185 606 3256 fit]
625 3184 665 3239 sie
736 3184 851 3254 inpastu

190 3360 343 3416 lredisset
361 3378 387 3415 m
495 3365 511 3415 5
540 3360 589 3429 qui
615 3358 708 3414 facere
735 3377 783 3415 me
811 3367 836 3416 et
862 3361 929 3415 libri
946 3361 1115 3423 [recentiores

99 3435 115 3483 ‘1
135 3431 245 3498 possint
262 3448 310 3486 mo
376 3437 409 3484 10
428 3434 524 3486 emant
541 3433 625 3486 editio
643 3431 811 3487 Buetteeasis
829 3449 855 3487 u.
876 3435 948 3487 1521
1012 3438 1045 3486 11
1065 3430 1115 3484 flu-

98 3503 145 3554 tae
164 3517 180 3556 u
253 3507 288 3557 28
306 3503 339 3557 fit
357 3500 481 3558 deterior
497 3519 514 3558 u
585 3502 616 3557 in
633 3504 717 3571 partu
736 3504 793 3559 cod.
814 3503 881 3558 Pur.
