2452 3938
166 158 209 222 62
573 156 760 213 VARRONIS

166 306 264 386 atqne
296 303 399 387 agitet
431 324 513 387 quae
545 303 679 367 trahant
704 302 862 381 iumenta,
894 305 932 366 ut
958 302 993 366 in
1021 301 1180 385 Hispania

136 391 312 457 2citeriore
344 395 377 454 et
406 391 479 456 aliis
508 392 591 456 locis
621 391 754 455 faciunt.
800 391 885 474 apud
912 389 994 455 elios
1023 392 1180 455 exteritur

166 501 264 565 grege
287 481 507 545 iumentorum
530 481 638 545 inacto
663 485 695 543 et
717 479 764 543 ibi
787 481 913 565 agitato
936 479 1081 564 perticis,
1103 501 1179 564 quo·

52 569 65 594 ‘
165 591 238 633 rum
257 569 390 652 ungulis
404 590 422 632 e
436 569 527 652 spica
541 571 729 633 exteruntur
743 589 854 653 grana.
890 567 931 632 iis
947 568 1035 632 tritis
1049 572 1180 652 oportet

166 661 289 721 eterra
319 657 493 721 subiecteri
521 657 616 722 vallis
647 660 704 720 aut
733 657 937 739 ventilabris,
967 678 1040 721 cum
1063 660 1213 723 ventuss

54 805 59 813 .
166 746 270 829 spirat
300 745 393 809 lenis.
444 747 492 809 ita
522 747 560 809 fit
588 750 637 809 ut
654 746 739 830 quod
770 745 971 810 levissimum
1003 749 1053 810 est
1084 745 1119 809 in
1142 767 1179 810 eo

165 838 261 918 etque
285 835 470 918 appellatur
494 856 571 898 acus
595 855 632 898 ac
654 834 749 916 pelea
773 837 951 898 evannatnr
973 833 1063 898 foras
1087 837 1179 899 extra

164 945 275 988 aream
305 944 342 986 ec
371 923 582 1004 frumentum,
613 923 699 1005 quod
722 927 773 986 est
801 923 1033 1005 ponderosum,
1062 944 1178 1005 purum

111 1027 173 1080 LIII
183 1012 293 1076 veniat
321 1010 361 1074 ed
389 1011 527 1076 corbem.
582 1011 680 1074 messi
711 1011 798 1075 facte
831 1011 1034 1096 spicilegium
1067 1012 1177 1077 venire

164 1102 294 1184 oportet
317 1102 374 1164 aut
396 1099 485 1163 domi
508 1100 616 1183 legere
640 1099 795 1183 stipulam
818 1103 882 1184 aut,
911 1099 940 1164 si
964 1104 1041 1164 sunt
1069 1100 1177 1183 spicae
1189 1118 1211 1159 o

163 1209 256 1252 rarae
284 1191 317 1250 et
340 1209 457 1271 operae
485 1209 591 1271 carae,
620 1189 779 1271 conpesci.
826 1209 952 1252 summa
977 1188 1065 1252 enim
1090 1209 1177 1273 spec-

163 1276 273 1359 tanda,
295 1296 336 1339 ne
359 1276 393 1339 in
417 1298 455 1340 ea
477 1299 513 1342 re
536 1280 685 1360 sumptus
709 1276 851 1342 fructum
875 1280 1012 1361 superet.

110 1380 173 1434 LIV
253 1364 437 1431 instinctis
465 1387 529 1429 uva
557 1387 629 1430 cum
655 1366 717 1430 erit
743 1369 884 1445 matura,
913 1363 1109 1429 vindemiam
1132 1365 1177 1430 ite

164 1454 235 1519 fieri
254 1457 393 1538 oportet,
414 1457 452 1518 ut
469 1453 589 1536 videas,
608 1477 627 1518 a
647 1477 710 1537 quo
729 1475 847 1539 genere
865 1475 1002 1518 uvarum
1022 1456 1056 1517 et
1075 1476 1094 1517 a
1114 1474 1176 1537 quo

164 1545 235 1608 loco
263 1543 367 1607 vineti
394 1542 530 1625 incipias
559 1544 674 1627 legere.
720 1564 796 1606 nam
825 1547 859 1606 et
883 1564 1023 1626 praecox
1046 1545 1079 1606 et
1102 1543 1177 1606 mis·
1189 1559 1208 1601 n

164 1634 254 1714 cella,
277 1653 375 1715 quam
399 1634 517 1695 vocent
540 1631 676 1715 nigram,
699 1632 805 1696 multo
830 1636 905 1695 ante
929 1631 1090 1715 coquitur,
1114 1653 1175 1715 qno

164 1721 253 1803 prior
276 1719 426 1803 legende,
455 1722 487 1782 et
510 1740 591 1802 quae
619 1741 696 1802 pars
724 1720 850 1784 arbusti
874 1741 911 1783 ac
933 1721 1047 1789 vineae
1072 1719 1174 1804 magis

134 1807 288 1890 2aprica,
315 1808 404 1890 prius
433 1806 530 1871 debet
559 1808 750 1872 descendere
774 1809 813 1873 de
836 1809 911 1873 vite.
955 1808 990 1872 in
1014 1807 1176 1873 vindemia

164 1895 315 1981 diligenti
342 1917 407 1960 uva
436 1916 504 1959 non
533 1896 638 1961 solum
671 1897 792 1981 legitur
819 1897 875 1961 sed
903 1897 1002 1961 etiem
1030 1896 1175 1982 eligitur:

164 1987 272 2068 legitur
304 1984 344 2048 ad
379 1984 569 2068 bibendum,
605 1985 738 2069 eligitur
771 1986 811 2050 ad
844 1986 1011 2051 edendum.
1066 1985 1208 2071 itaques

163 2075 248 2138 lecta
281 2071 425 2136 defertur
457 2073 491 2136 in
521 2073 629 2138 forum
661 2074 836 2159 vinarium,
868 2074 953 2140 unde
985 2074 1019 2137 in
1052 2074 1176 2139 dolium

163 2166 257 2225 inane
285 2161 408 2244 veniat3
436 2162 538 2226 electa
570 2163 604 2225 in
632 2168 790 2227 secretam
818 2163 998 2247 corbulam,
1031 2163 1115 2227 unde
1143 2163 1176 2226 in

164 2250 280 2315 ollulas
310 2249 448 2315 addetur
471 2253 503 2315 et
529 2251 577 2333 in,
592 2251 678 2316 dolie
706 2253 801 2335 plena
824 2251 1026 2316 vinaciorum
1049 2256 1176 2317 contru-

162 2339 270 2422 datur,
299 2338 363 2403 alia
394 2361 476 2422 quae
504 2340 539 2403 in
567 2340 728 2423 piscinam
755 2342 789 2404 in
818 2341 1011 2424 amphoram
1033 2341 1175 2423 picatam

161 2428 343 2511 descendat,
367 2429 431 2492 alia
455 2450 537 2512 quae
560 2429 594 2492 in
617 2450 727 2493 aream
750 2429 786 2492 in
807 2430 990 2493 carnarium
1014 2429 1208 2509 escendate

161 2539 243 2601 quae
267 2516 410 2581 calcatae
434 2538 515 2580 uvae
539 2521 648 2599 erunt,
676 2539 786 2580 earum
811 2517 900 2601 scopi
924 2539 997 2582 oum
1020 2516 1174 2582 folliculis

161 2605 339 2670 subiciendi
355 2605 414 2668 sub
429 2605 564 2688 prelum,
583 2609 629 2690 ut,
649 2605 755 2690 siquid
769 2605 886 2688 reliqui
903 2605 1048 2671 habeant
1067 2606 1175 2690 musti,

251 2777 376 2845 ladque
447 2778 492 2849 ut]
512 2779 562 2831 aut
632 2779 799 2851 liquorum]
818 2780 894 2848 quod
967 2784 1070 2834 'lacus
1091 2796 1174 2835 euan-

159 2849 263 2902 nuatur
362 2854 394 2902 19
414 2848 558 2918 diligentis
657 2868 713 2906 non
732 2851 823 2905 solum
841 2849 946 2921 legitur
964 2848 999 2904 ad
1020 2849 1174 2905 bibendum

160 2917 274 2988 eligitur
292 2918 328 2972 ad
347 2918 485 2974 edendum
558 2925 590 2974 21
611 2919 697 2990 lecta]
715 2921 817 2976 lectius
871 2918 1024 2976 uiniarium
1091 2925 1127 2975 25
1145 2921 1175 2974 in

160 2991 266 3060 aream]
286 2989 315 3042 in
334 3005 383 3043 are
490 2996 524 3047 26
544 3008 640 3046 earum
663 2994 770 3061 (eorum
792 2992 830 3061 V)
879 3017 883 3023 ·
939 2997 973 3046 27
993 2992 1045 3046 sub
1063 2993 1174 3061 plerum

159 3060 184 3115 si
203 3061 250 3130 qui
268 3061 370 3130 reliqui
387 3062 493 3116 habeat

249 3228 262 3274 1
287 3225 320 3276 ut
346 3222 376 3275 in
404 3221 534 3291 hispania
560 3238 608 3276 mo
718 3229 732 3276 7
756 3238 823 3276 aeus
847 3237 880 3275 ec
907 3222 992 3292 palea
1016 3224 1174 3278 evannatnr

158 3292 270 3347 Noniae
283 3309 313 3362 p.
328 3297 364 3348 19
438 3299 470 3347 19
490 3292 620 3362 diligenti
633 3310 660 3347 m
714 3310 770 3349 non
790 3293 880 3347 solum
898 3291 1004 3361 legitur
1022 3293 1173 3349 sedetiam

158 3362 273 3432 eligitur
300 3365 337 3418 ad
364 3362 517 3418 bibendum
551 3362 666 3434 eligitur
696 3365 731 3418 ad
760 3364 898 3418 edendum
926 3365 1038 3420 Noniae
1060 3381 1092 3434 p.
1118 3369 1173 3418 444

158 3439 191 3487 21
211 3435 285 3488 lecta
308 3434 424 3489 Ursinus
494 3434 669 3490 uinariumo
741 3439 775 3489 25
794 3435 824 3488 in
842 3451 937 3490 aream
956 3436 1064 3505 Popmu
1136 3440 1171 3489 2⁷

158 3505 210 3559 sub
229 3505 338 3574 prelum
356 3522 383 3561 m
401 3511 426 3560 et
444 3508 501 3561 cod.
521 3506 600 3561 Flor.
674 3505 699 3562 si
717 3505 785 3575 quid
804 3507 905 3576 reliqui
922 3507 1047 3562 habeant
1065 3523 1082 3562 o
1161 3511 1163 3516 ’
