2452 3938
262 184 392 240 ncnvn
410 185 648 242 nvsncnevu
666 186 733 242 ne.
753 188 766 241 1
785 192 890 242 as-ro
1034 160 1090 252 53⁴

62 329 149 414 quod
173 333 332 415 apertum.
376 331 474 416 latet,
502 330 531 396 ai
552 336 631 396 sunt
655 332 778 397 semina
800 331 834 395 in
859 353 948 417 aere,
970 337 1008 397 ut
1031 335 1079 398 ait

61 419 219 502 physicos
234 420 458 504 Anaxagoras,
477 424 510 484 et
530 421 557 484 si
576 443 669 504 aqua,
688 442 770 504 quae
783 420 891 485 influit
904 421 937 485 in
953 442 1077 507 agrum,

61 508 182 572 inferre
206 509 297 592 solet,
321 512 358 573 ut
382 509 495 573 scribit
517 509 771 594 Theophrastus.
808 509 890 573 illud
913 509 998 595 quod
1022 533 1077 593 ap·

60 603 157 682 paret
180 597 222 660 ad
245 597 416 683 agricolas,
440 598 472 662 id
495 598 669 662 videndum
693 598 874 683 diligenter.
919 598 1077 682 quaedam

32 686 151 750 renim
175 685 216 750 ad
240 686 421 770 genendum
444 709 547 771 prona
569 709 672 771 usque
695 687 774 751 adeo
804 709 919 771 parva,
946 691 984 751 ut
1012 687 1078 752 sint

61 774 211 858 obscura,
234 779 271 839 ut
289 776 442 859 cupressi.
474 798 540 840 non
559 777 645 839 enim
663 775 789 860 galbuli
812 776 868 860 qui
891 779 1078 859 nascuntur,

61 863 96 928 id
121 868 172 928 est
193 866 362 948 tamquam
385 865 471 947 pilae
494 885 614 948 parvae
633 865 796 948 corticiae‚
819 864 852 928 id
878 886 998 949 semen,
1021 865 1077 929 sed

60 952 98 1016 in
121 952 162 1016 iis
185 953 284 1018 intus.
322 953 518 1039 primigenia
541 954 666 1017 semina
689 954 779 1017 dedit
801 957 927 1037 natura,
950 953 1105 1038 reliqua2

60 1041 187 1105 invenit
218 1042 418 1143 experientia
449 1042 563 1107 coloni.
618 1044 722 1124 [num]
755 1042 862 1125 prima
895 1064 976 1127 quae
1009 1042 1078 1106 sine

21 1156 47 1195 ro
62 1129 189 1213 colono,
212 1130 400 1232 priusquam
420 1135 472 1195 sat
474 1153 501 1214 a,
519 1134 612 1215 nata3
564 1130 778 1195 tseounda
797 1152 878 1214 quae
897 1152 936 1195 ex
954 1132 995 1195 iis
1007 1132 1078 1195 --col

62 1219 150 1282 lecta
181 1239 299 1303 neque,
330 1219 519 1303 priusquam
551 1223 636 1302 sata,
672 1222 760 1283 nata.
816 1221 923 1303 prima
955 1220 1079 1284 semina

62 1306 173 1370 videre
201 1309 332 1390 oportet
360 1330 401 1372 nc
416 1311 591 1372 vetustate
620 1296 701 1371 sint
715 1311 846 1372 exsucta
870 1313 926 1373 aut
948 1330 989 1373 ne
1013 1311 1080 1372 sint

63 1394 209 1460 admixta
232 1399 290 1460 aut
311 1417 351 1460 ne
374 1399 508 1479 propter
531 1396 646 1459 similit
647 1396 777 1459 udinem
802 1397 868 1460 sint
890 1396 1078 1460 adulterina.

64 1505 178 1548 semen
209 1487 303 1549 vetus
335 1488 461 1549 tantum
495 1485 623 1549 valet'
613 1506 649 1547 m
679 1483 872 1567 quibusdam
904 1484 1011 1568 rebus,
1042 1488 1080 1548 ut

24 1597 49 1638 15
63 1576 217 1637 naturam
241 1577 415 1638 conmutat.
461 1595 538 1637 nam
567 1594 605 1637 ex
634 1572 755 1636 semine
784 1573 948 1636 brassicae
970 1575 1078 1636 vetere

64 1665 138 1726 sato
157 1662 247 1726 nasci
267 1663 359 1726 aiunt
376 1684 457 1746 rapa
476 1665 510 1726 et
527 1666 640 1727 contra
659 1683 698 1725 ex
716 1683 870 1746 raporum
886 1661 1077 1726 brassicam.

64 1749 206 1814 secunda
224 1751 346 1815 semina
364 1751 473 1814 videre
492 1754 622 1835 oporiet
639 1772 689 1834 ne,
708 1751 791 1815 unde
809 1751 919 1829 tollas,
937 1750 1073 1815 nimium
1090 1757 1108 1815 3

65 1839 130 1904 cito
159 1842 216 1903 aut
244 1839 338 1904 tarde
368 1839 474 1905 tollas
519 1843 648 1923 tempus
680 1839 765 1903 enim
797 1840 958 1922 idoneum,
993 1838 1080 1923 quod

64 1927 180 2011 scribit
208 1927 468 2012 Theophrastus,
501 1950 577 1993 vere
606 1932 639 1992 et
667 1932 822 1993 autumno
853 1932 885 1992 et
915 1890 1080 1992 cahieulae

25 2041 50 2080 so
65 2005 208 2117 exortu,
217 2038 322 2100 neque
350 2017 501 2082 omnibus
530 2017 611 2081 locis
639 2037 676 2080 ac
705 2017 876 2102 generibus
906 2015 1001 2079 idem.
1046 2015 1080 2079 in

65 2104 151 2169 sicco
181 2108 213 2169 et
241 2126 349 2170 macro
374 2106 447 2170 loco
471 2109 504 2169 et
528 2104 682 2205 argillosq
705 2126 841 2169 vernum
863 2107 991 2187 tempus
1014 2103 1081 2167 ido·

64 2214 177 2276 neum,
209 2216 273 2278 quo
305 2194 412 2259 minus
443 2193 546 2258 habet
577 2193 711 2257 umoris:
748 2194 782 2256 in
811 2196 901 2256 terra
928 2193 1016 2267 bona
1043 2213 1080 2256 ac

63 2282 181 2367 pingui
204 2285 369 2367 autumno,
393 2283 479 2366 quod
502 2303 576 2345 vere
599 2281 721 2345 multus
741 2303 842 2364 umor,
866 2302 964 2364 quam
982 2281 1080 2344 satio-

64 2392 141 2435 nem
161 2371 292 2454 quidam
306 2371 484 2435 metiuntur
498 2371 565 2434 fere
580 2370 693 2433 diebus
708 2387 791 2434 xxx.
829 2371 961 2432 tertium
976 2376 1110 2453 genus4

25 2483 51 2524 as
67 2460 210 2538 seminis,
229 2459 316 2544 quod
334 2482 373 2524 ex
393 2459 507 2524 arbore
525 2480 584 2542 per
603 2457 727 2522 surclos
744 2457 887 2522 defertur
901 2458 1081 2534 interram,

65 2548 94 2612 si
117 2549 153 2613 in
175 2548 309 2613 humum
333 2548 527 2631 demittitur,
554 2548 588 2611 in
612 2546 806 2630 quibusdam
837 2547 939 2627 [cum]
964 2548 1014 2609 est
1034 2545 1080 2608 vi-

65 2636 207 2701 dendum
235 2642 272 2701 ut
300 2659 338 2702 co
365 2640 511 2720 tempore
535 2636 578 2701 sit
601 2635 842 2720 deplantatum,
865 2656 929 2718 quo
953 2637 1083 2718 oportet

66 2722 114 2808 (id
137 2725 176 2790 fit
205 2729 290 2808 tum,
318 2729 491 2809 antequam
520 2746 683 2812 gemmare
712 2728 768 2788 aut
794 2724 908 2789 florere
936 2723 1013 2807 quid
1035 2724 1082 2786 in-

65 2810 174 2898 cipit);
212 2817 245 2877 et
271 2835 353 2898 quae
382 2815 420 2878 de
449 2815 563 2879 arbore
591 2813 770 2879 transferas
793 2817 830 2878 ut
853 2835 890 2877 ea
912 2813 1082 2895 deplantes

24 2927 51 2966 eo
65 2902 178 2985 potius
203 2924 300 2988 quam
324 2902 499 2986 defringas,
530 2902 616 2987 quod
638 2904 770 2986 plantae
795 2902 900 2967 solum
923 2901 1084 2984 stabilius,

66 3011 139 3074 quo.
160 2991 258 3055 latius
289 2994 346 3055 aut
381 2990 505 3056 radices
537 2992 665 3056 facilius
700 2991 810 3055 mittit.
858 3013 895 3054 ea
927 2990 1082 3067 celeriter,

66 3082 241 3165 antequam
261 3081 354 3145 sucus
374 3084 549 3164 exarescat,
567 3080 602 3146 in
621 3082 742 3144 terram
762 3079 946 3145 demittunt.
979 3077 1086 3157 [dum]

159 3272 345 3326 toenendum
408 3271 511 3341 prona]
526 3272 675 3340 propterea
730 3275 764 3323 21
779 3269 865 3340 sicco]
881 3269 938 3323 sico
992 3273 1026 3322 26
1041 3265 1087 3320 di-

68 3341 194 3396 mittitur
266 3348 300 3397 27
320 3341 396 3410 quod
414 3343 526 3411 oportet

159 3544 193 3592 26
213 3536 372 3591 demittitur
390 3535 540 3590 Iucundos
611 3540 645 3589 27
664 3550 719 3603 quo
741 3534 887 3604 oportete
