2452 3938
127 149 171 214 94
542 146 730 203 VARRONIS

126 294 197 358 nati
214 293 331 377 hieme,
348 293 432 358 fiunt
451 293 551 357 exiles
570 295 702 377 propter
719 292 844 377 frigora
862 296 895 357 et
914 292 999 376 quod
1021 295 1135 358 matres

128 386 342 466 aspernantur
363 385 496 465 propter
519 381 730 466 exiguitatem
754 381 858 464 lactis,
881 380 967 464 quod
990 381 1136 446 dentibus

128 471 313 535 sauciantur
335 475 507 554 propterea
529 491 698 534 mammae.
735 469 842 535 scrofa
864 468 898 532 in
917 491 977 534 sua
996 491 1137 554 quaeque

126 560 208 624 hara
227 580 303 624 suos
323 560 390 623 alat
408 562 536 642 oportet
553 579 680 641 porcos,
703 558 788 641 quod
806 558 931 623 alienos
950 578 1014 623 aon
1034 580 1136 641 asper·

126 651 225 712 natur
244 652 276 712 et
293 647 381 731 ideo,
400 647 428 711 si
447 646 633 712 conturbati
652 650 728 710 sunt
746 647 780 710 in
798 646 914 730 fetura,
935 646 974 711 fit
993 646 1136 712 deterior.
1159 666 1168 706 r

76 742 245 804 14natura
269 736 391 803 divisus
415 758 525 807 earum
550 756 654 799 annus
678 734 845 818 bifariam,
874 734 958 819 quod
982 735 1032 800 his
1055 735 1138 818 parit

128 826 161 889 in
181 847 281 889 anno:
305 824 471 909 quaternis
490 824 654 888 mensibus
672 823 737 888 tert
754 825 911 907 ventrem,
934 821 1021 888 binis
1040 825 1138 888 nutri·

127 917 188 980 cat.
226 913 340 978 haram
360 913 464 977 facere
484 916 611 995 oportet
633 912 760 976 circiter
782 913 881 977 trium
900 910 1020 996 pedum
1041 913 1136 977 altam

128 1008 161 1068 et
183 1003 286 1067 latam
315 1001 453 1084 amplius
477 1001 588 1084 paulo,
616 1023 655 1065 ea
678 999 849 1065 altitudine
873 1001 932 1064 abs
959 1003 1064 1085 terra,
1092 1023 1137 1084 ne,

127 1091 204 1155 dum
227 1089 337 1154 exilire
356 1089 435 1153 velit
453 1109 624 1174 praegnas,
642 1091 785 1160 ,abortet
823 1088 1007 1154 altitudinis
1026 1091 1136 1155 modus
1149 1107 1168 1146 1⁰

127 1180 180 1260 sit,
202 1181 239 1241 ut
261 1178 412 1242 subulcus
436 1177 531 1242 facile
556 1177 800 1262 circumspicere
822 1177 927 1262 possit
950 1179 1049 1262 nequi
1068 1182 1143 1262 por·¹

126 1267 226 1332 cellus
251 1289 270 1331 a
292 1270 396 1331 matre
415 1267 625 1350 opprimatur,
648 1268 681 1330 et
698 1270 735 1330 ut
751 1265 845 1331 facile
863 1266 1017 1351 purigare
1037 1267 1138 1350 possit

126 1355 240 1420 cubile.
284 1355 319 1419 in
342 1355 431 1420 haris
455 1354 575 1419 ostium
599 1376 668 1419 esse
688 1357 817 1438 oportet
834 1358 868 1420 et
885 1355 986 1420 limen
1003 1355 1136 1420 inferius

126 1446 230 1508 altum
248 1444 472 1527 palmipedale,
489 1465 530 1507 ne
548 1443 647 1526 porci,
667 1464 705 1507 ex
719 1444 799 1508 hara
813 1465 887 1508 cum
904 1447 1008 1508 mater
1022 1444 1137 1527 prodit,

76 1542 114 1600 15
126 1533 289 1598 transilire
308 1533 443 1617 possint.
472 1532 757 1616 quotienscumque
776 1532 874 1596 haras
893 1531 1049 1597 subulcus
1066 1547 1165 1617 pur-1⁵

126 1625 196 1707 gat,
228 1621 350 1686 totiens
380 1621 536 1685 harenam
568 1621 687 1684 inicere
711 1623 852 1703 oportet,
881 1623 937 1685 aut
960 1621 1039 1704 quid
1063 1622 1135 1685 item

127 1710 213 1794 quod
233 1712 369 1792 exsugat
391 1729 537 1773 umorem
559 1710 594 1772 in
613 1707 757 1794 singulas
775 1707 873 1773 haras
891 1708 1011 1774 inicere
1032 1709 1135 1790 debet3

126 1802 159 1860 et
177 1819 251 1861 cum
269 1797 403 1880 peperit,
421 1797 561 1881 largiore
580 1797 689 1862 cibatu
708 1798 904 1875 sustentare,
927 1818 992 1882 quo
1011 1797 1134 1863 facihus

124 1886 175 1951 lac
212 1885 417 1968 suppeditare
455 1885 568 1968 possit.
623 1886 682 1966 [in]
715 1886 833 1970 quibus
865 1885 978 1950 hordei
1009 1886 1134 1951 circiter

125 1975 221 2039 binas
239 1975 340 2038 libras
359 1995 444 2057 aqua
462 1973 662 2039 madefactas
681 1973 757 2038 dare
771 1974 886 2058 solent,
905 1973 991 2057 quod
1005 1975 1163 2059 quideme

124 2063 299 2146 duplicant,
322 2066 359 2126 ut
380 2063 424 2127 sit
441 2084 535 2126 mane
555 2066 587 2126 et
604 2063 739 2146 vesperi,
763 2063 791 2126 si
810 2062 875 2126 alia
893 2083 975 2146 quae
995 2063 1134 2128 obiciant

74 2156 112 2216 16
125 2172 191 2214 non
212 2151 394 2215 habuerint.
440 2173 513 2216 cum
536 2151 628 2235 porci
651 2151 775 2235 depulsi
799 2153 919 2216 sunta
941 2173 1096 2235 mamma,
1116 2173 1134 2214 a

125 2238 318 2324 quibusdam
347 2239 441 2305 delici
464 2261 505 2323 ap
530 2240 670 2304 ellantur
691 2261 795 2323 neque
817 2239 883 2302 iam
906 2240 1068 2306 lactantes
1092 2239 1132 2304 di·

124 2331 247 2412 cuntur,
271 2328 326 2412 qui
349 2349 369 2391 a
390 2332 488 2412 partu
507 2263 635 2393 1decimo
659 2327 710 2392 die
733 2327 896 2393 habentur
923 2328 1009 2411 puri,
1039 2328 1133 2394 stab

124 2439 161 2482 eo
186 2417 391 2502 appellantur
414 2416 456 2482 ab
480 2416 620 2501 antiquis
644 2437 760 2499 sacres,
784 2417 869 2500 quod
891 2417 961 2480 tum
980 2417 1021 2480 ad
1042 2415 1164 2483 sacri-2⁵

123 2505 232 2570 ficium
255 2505 363 2570 idonei
387 2504 538 2570 dicuntur
560 2506 709 2589 primum.
746 2505 856 2588 itaque
880 2508 960 2589 aput
982 2505 1134 2571 Plautum

123 2594 159 2657 in
182 2593 422 2676 Menaechimis,
445 2616 518 2660 cum
541 2594 693 2658 insanum
718 2615 813 2678 quem
836 2598 939 2678 putat,
961 2596 1000 2658 ut
1020 2595 1134 2677 pietur,

124 2682 157 2744 in
182 2681 300 2765 oppido
323 2680 508 2764 Epidamno
532 2682 711 2766 interrogat
735 2681 858 2765 ‘quanti
876 2682 930 2746 hic
948 2684 1042 2764 porci
1062 2687 1134 2748 sunt

214 2871 349 2926 lexsiles
448 2873 681 2944 2exsiguitatsm
775 2872 893 2944 thara]
913 2873 983 2928 hora
1081 2887 1132 2943 quo

123 2943 229 2998 alienos
249 2944 434 3013 aspernantur
488 2944 646 3000 odeterius
702 2950 833 2998 deorum
893 2943 995 2998 bifaria
1051 2944 1134 3000 9ahs

122 3015 226 3070 terram
307 3019 340 3067 10
360 3030 502 3083 praegnax
588 3021 621 3069 16
640 3014 773 3069 harenam
792 3018 918 3082 (arenam
942 3014 981 3082 V)
1036 3021 1069 3071 17
1088 3015 1135 3068 hu·

121 3103 228 3141 morem
316 3090 348 3139 18
367 3085 478 3154 peperit
497 3085 649 3156 (pepererit
673 3085 712 3154 V)
804 3090 838 3138 20
857 3086 988 3153 qnodque
1007 3103 1073 3140 cum
1090 3087 1135 3140 de-

122 3157 270 3226 publicant
342 3162 375 3210 23
394 3155 474 3212 deliti
548 3162 582 3212 28
601 3155 751 3226 epidamdo

210 3357 228 3405 4
246 3350 316 3407 hara
332 3368 349 3406 a
456 3350 524 3420 quia
546 3349 654 3408 alienos
676 3368 732 3406 non
751 3353 936 3420 aspernantur
954 3326 1135 3408 delucidatur

123 3428 254 3476 tearum
279 3422 417 3477 Victorius
479 3420 643 3478 bilariamo
704 3423 774 3477 aab
793 3424 903 3477 terrac
963 3427 998 3477 23
1018 3423 1135 3478 delicio

114 3496 154 3544 28
167 3493 365 3562 Epidamnov
