2452 3938
307 174 437 229 RERVM
455 173 690 241 RVSTICARVM
708 174 774 230 LIB‚
788 174 802 228 Ι
816 182 920 245 29-23
1077 178 1119 239 41

108 322 261 404 oportere
292 341 370 384 vasa
401 319 578 384 torcularia
609 320 770 384 instructa
798 321 897 400 trina,
930 321 1017 386 dolia
1049 343 1122 422 curn

108 408 271 492 operculis
303 408 480 473 culleorum
515 409 788 492 octingentorum,
821 409 963 473 acinaria
993 410 1122 493 viginti,

106 497 254 562 frument
240 496 324 561 taric
347 496 474 582 viginti,
497 497 577 561 item
602 497 669 560 eius
694 497 783 562 modi
802 498 875 562 alia.
913 519 995 581 quae
1014 499 1121 562 minus

106 587 214 650 multa
217 585 372 686 'quidem
401 585 470 666 alii,
503 586 558 649 sed
585 589 714 650 tentum
745 608 914 650 numerum
945 587 1122 651 culleorum

78 695 92 735 ιι
107 696 279 758 scripsisse
298 677 387 758 puto,
404 695 446 738 ne
465 678 595 759 cogeret
596 697 634 738 ur
653 676 827 759 quotannis
845 675 1032 739 vendere
1001 697 1122 740 vinum.

104 767 219 827 vetera
242 763 329 827 enim
353 783 450 846 quam
473 785 558 827 nove
586 767 618 827 et
642 761 755 827 eadem
774 764 838 827 alio
857 767 1004 846 tempore
1024 785 1122 848 quam

58 870 60 874 '
107 852 173 916 alio
193 851 306 936 pluris.
338 852 417 915 item
436 851 483 916 sic
499 851 537 914 de
551 851 820 915 ferramentorum
835 852 993 916 varietate
1008 848 1152 918 scribit5

105 940 280 1023 permulta,
304 942 338 1003 et
360 960 477 1024 genere
497 943 530 1004 et
548 939 755 1004 multitudine
775 961 839 1024 qua
858 941 933 1024 sint,
956 944 993 1005 ut
1012 940 1121 1021 falces,

105 1030 217 1112 palas,
248 1032 387 1111 rastros,
420 1028 465 1092 sic
499 1027 576 1112 alia,
612 1051 749 1113 quorum
781 1051 847 1094 non
878 1029 969 1093 nulla
1002 1050 1122 1114 genera

63 1145 91 1184 ιο
107 1117 234 1201 species
267 1117 390 1180 hebent
421 1117 545 1200 plures,
576 1122 614 1180 ut
644 1117 754 1182 falces.
799 1140 876 1182 nam
900 1119 1052 1183 dicuntur
1080 1117 1122 1181 ab

107 1204 223 1270 eodem
247 1204 402 1287 scriptore
420 1206 598 1270 vineaticae
620 1227 702 1289 opus
726 1224 872 1290 essexn,
900 1207 1072 1291 sirpiculae
1090 1224 1123 1289 v,

108 1294 358 1376 arborensem,
376 1293 536 1358 rustariae
551 1313 583 1358 x.
613 1293 677 1358 Hic
696 1294 784 1358 haec.
813 1299 848 1358 at
861 1295 982 1378 Scrofa,
996 1295 1119 1359 Instru·
1133 1304 1152 1361 6

107 1386 255 1446 mentum
279 1386 312 1446 et
335 1382 568 1466 supellectilem
592 1383 747 1446 rusticam
767 1404 896 1447 omnem
916 1388 1047 1466 oportet
1064 1383 1129 1445 ιιι·

108 1473 186 1536 bere
206 1471 362 1555 scriptam
380 1471 415 1536 in
433 1473 512 1534 urbe
527 1473 560 1534 et
578 1491 652 1533 rure
666 1470 843 1554 dominum,
861 1471 992 1535 vilicum
1010 1476 1123 1536 contra

64 1583 92 1626 ιι
108 1582 147 1624 ea
170 1561 240 1623 ruri
263 1559 372 1623 omnia
396 1563 483 1623 certo
503 1580 561 1623 suo
585 1578 711 1642 quoque
733 1558 813 1638 loeo
831 1558 871 1622 ad
892 1559 1003 1623 villam
1023 1558 1121 1639 [esse]

107 1648 233 1733 posita3
256 1669 338 1732 quae
356 1669 424 1713 non
441 1651 580 1730 possunt
598 1669 667 1711 esse
687 1647 746 1710 sub
762 1647 853 1730 clavi,
872 1669 967 1730 quam
983 1648 1123 1712 maxime

107 1739 217 1801 facere
240 1741 278 1800 ut
301 1737 368 1801 sint
390 1736 426 1799 in
446 1739 621 1819 conspectu
640 1740 777 1819 oportet,
802 1758 839 1801 co
859 1736 964 1820 magis
984 1755 1123 1820 eaquae

106 1827 143 1889 ιιι
170 1825 294 1890 rariore
322 1827 397 1888 sunt
424 1847 498 1907 usu,
526 1828 562 1889 ut
590 1825 707 1910 quibus
734 1825 768 1888 in
796 1824 959 1889 vindemia
986 1829 1124 1889 utuntur

109 1915 171 1995 [et]
202 1915 366 1997 corbulae,
400 1914 460 1993 [et]
494 1914 541 1977 sic
571 1914 644 1977 alia
691 1934 774 1997 quae
806 1915 893 1977 enim
925 1936 977 1978 res
1006 1913 1124 1978 cotidie

64 2027 93 2066 ac
107 2003 271 2080 videntur,
295 2003 402 2066 minus
425 2006 576 2066 metuunt
597 2001 710 2066 furem.
952 2050 954 2054 -

201 2088 344 2174 Suscipit
362 2090 531 2173 Agrasius
548 2090 593 2154 Et
611 2089 766 2174 quoniam
785 2090 943 2155 habemus
962 2091 1020 2154 illc
1037 2089 1098 2153 duo
1109 2100 1202 2157 XXIII

107 2179 217 2263 prima
244 2201 283 2243 ex
311 2179 471 2244 divisione
495 2178 742 2262 quadripertita,
771 2177 810 2242 de
832 2177 934 2244 fundo
959 2184 992 2243 et
1015 2179 1053 2242 de
1076 2178 1125 2240 in-

109 2273 306 2351 ιιιιιιιιθιιιο,
339 2290 403 2352 quo
436 2266 500 2332 coli
533 2267 628 2350 solet,
661 2266 700 2330 dc
728 2268 827 2331 tertia
858 2273 952 2349 parte
980 2270 1124 2349 expecto.

109 2355 238 2440 Scrofa,
259 2355 422 2457 Quoniam
446 2356 601 2438 fructum,
626 2355 746 2438 inquit,
775 2354 861 2418 arbit
847 2359 918 2418 tror
940 2376 1011 2419 esse
1034 2352 1125 2417 fundi

66 2467 95 2508 ιι
109 2467 184 2510 eum
213 2444 268 2528 qui
292 2467 331 2509 ex
354 2467 392 2509 eo
417 2449 506 2508 satus
534 2442 641 2507 nescit
641 2466 681 2507 ur
627 2442 795 2506 tutilis
819 2442 860 2507 ad
884 2442 1025 2527 aliquam
1048 2462 1126 2523 rem,

110 2533 174 2597 duo
199 2532 444 2616 consideranda,
475 2554 557 2616 quae
581 2535 614 2595 et
638 2554 701 2617 quo
726 2531 865 2616 quidque
888 2533 961 2596 loco
984 2529 1124 2594 maxime

109 2622 262 2704 expediat
294 2642 409 2686 serere
466 2620 531 2685 alia
563 2621 649 2684 enim
685 2621 757 2684 loce
792 2621 943 2706 adposita
975 2622 1052 2684 sunt
1085 2615 1126 2680 ad

108 2711 256 2794 faenum,
285 2711 349 2774 alia
378 2710 418 2774 ad
445 2709 659 2793 frumentum,
687 2710 751 2772 alia
774 2709 815 2772 ad
841 2708 970 2789 vinum,
997 2708 1063 2772 alia
1086 2705 1127 2770 ad

74 2799 233 2882 oleum,
266 2800 311 2862 sic
340 2798 380 2862 ad
406 2798 562 2898 pabulum
591 2820 673 2881 quae
706 2798 884 2881 pertinent,
916 2798 951 2862 in
983 2819 1048 2882 quo
1077 2799 1127 2859 est

67 2911 95 2950 ac
111 2887 267 2969 ocimum,
298 2887 443 2971 farrago,
480 2886 577 2970 vicia,
614 2886 750 2970 medica,
782 2888 935 2971 cytisum,
971 2886 1127 2970 lupinum.

204 3051 217 3096 1
239 3043 324 3097 trima
377 3050 393 3098 3
413 3041 550 3098 eiusmodi
568 3041 625 3097 clia
644 3041 781 3112 (eiusdem
799 3043 857 3097 alia
875 3042 902 3096 V
918 3049 944 3097 et
962 3043 1019 3096 cod.
1034 3039 1126 3102 Flor)

111 3113 226 3182 equod
244 3115 325 3168 annis
391 3119 423 3167 11
444 3130 513 3182 opus
533 3130 592 3168 esse
611 3113 713 3182 exieirp
715 3113 850 3167 iculaeV
916 3119 949 3166 16
968 3111 1020 3165 sub
1039 3109 1126 3179 clavi]

112 3184 240 3239 subolem
322 3191 355 3238 19
375 3183 546 3239 corbubulae
566 3183 709 3254 (corbulae
732 3184 759 3238 V
773 3190 798 3238 et
811 3185 937 3253 plurima
956 3181 1126 3252 apopraptc,

111 3255 284 3310 corbubulae
307 3255 457 3325 Victorius)
534 3260 569 3310 30
587 3256 724 3323 cytiecum

181 3380 313 3433 ltrina
331 3397 379 3433 mo
470 3384 501 3432 11
521 3395 591 3448 opus
613 3394 673 3433 esse
691 3377 755 3446 XL,
773 3376 966 3446 sirpiculaeV
990 3375 1128 3430 Victorius

113 3456 362 3592 {ptssppnqpaeque
380 3448 443 3506 loco
462 3450 557 3519 posita
578 3449 697 3504 Ursinus
769 3455 802 3503 16
822 3449 873 3503 sub
893 3447 968 3504 claui
986 3463 1033 3502 mc
1092 3449 1126 3499 30
