2452 3938
145 168 190 230 44
564 165 752 221 VARRONIS

147 312 211 376 seri
236 314 385 394 oportere
409 309 481 397 (scd
503 312 565 376 hoo
588 332 693 396 neque
716 309 751 373 in
774 307 923 373 omnibus
945 307 1056 372 fundis
1080 330 1161 391 opus

148 405 198 464 est
211 421 324 484 neque,
336 401 370 464 in
386 400 502 483 quibus
518 403 567 464 est
582 422 673 482 opus,
687 401 784 481 propt
786 419 820 460 er
770 395 983 462 tfrondem
997 396 1161 480 maxime),

148 490 217 553 sine
242 490 295 551 det
281 491 433 552 trimento
453 492 618 571 ponuntur
637 511 656 551 a
675 490 748 570 sept
750 489 816 549 emt
802 485 935 551 trionali
953 489 1048 569 parte
1048 536 1057 570 ‚
1077 486 1162 570 quod

147 599 216 641 non
239 577 383 641 officiunt
407 578 478 642 soli.

115 673 135 728 4
235 665 296 728 Ille
320 666 418 730 adicit
440 666 481 729 ab
506 664 619 729 eodem
642 663 815 748 scriptore,
846 663 874 726 si
896 663 988 727 locus
1012 665 1159 726 umectus
1184 711 1185 719 1

148 754 199 837 sit,
223 753 270 817 ibi
293 755 459 818 cacumina
479 754 675 838 populorum
696 752 831 816 serenda
849 755 882 814 et
899 750 1161 814 harundinetum.

147 841 180 905 id
194 843 285 925 prius
299 843 422 925 bipalio
438 844 529 924 verti,
543 841 589 905 ibi
605 842 714 905 oculos
729 840 920 904 harundinis
935 838 1034 922 pedes
1049 846 1160 904 ternos

148 931 248 994 alium
271 930 311 994 ab
336 930 400 995 alio
424 931 497 1014 seri,
520 952 538 991 s
563 934 673 1012 aptam
698 950 767 992 esse
790 928 920 1012 utrique
939 928 1076 991 eandem
1095 926 1162 991 fere

148 1020 315 1083 culturam.
354 1019 485 1082 salicem
505 1039 653 1102 graecam
679 1016 796 1081 circum
820 1015 1075 1080 harundinetum
1100 1016 1163 1079 seri

84 1123 161 1176 XXV
173 1112 330 1191 oportere,
354 1107 403 1170 uti
426 1108 469 1170 sit
492 1108 547 1190 qui
572 1106 647 1170 vitis
672 1106 802 1191 alligari
825 1104 938 1188 possit
985 1104 1081 1168 vinea
1100 1126 1184 1188 quor

149 1196 183 1258 in
208 1215 287 1279 agro
312 1194 446 1258 serenda
471 1196 529 1278 sit,
553 1196 599 1258 sic
622 1193 868 1258 observandum.
914 1191 970 1276 qui
992 1192 1085 1257 locus
1109 1214 1162 1276 op·

149 1284 248 1346 timus
272 1283 347 1347 vino
368 1284 410 1347 sit
429 1287 461 1347 et
480 1287 628 1348 ostentus
649 1283 719 1360 soli,
743 1282 928 1345 aminneum
946 1280 1161 1345 minusculum

150 1375 183 1435 et
201 1371 367 1456 geminum
388 1393 577 1457 eugancum,
596 1372 739 1435 helvium
753 1369 970 1434 minusculum
985 1368 1050 1433 seri
1069 1391 1163 1454 opor·

149 1466 227 1525 tere.
274 1461 330 1544 qui
353 1460 443 1524 locus
467 1463 607 1524 crassior
629 1459 673 1524 sit
695 1462 753 1523 aut
775 1459 963 1541 nebulosus
992 1457 1040 1521 ibi
1064 1459 1163 1521 amin·

149 1571 246 1612 neum
270 1549 374 1613 maius
395 1553 452 1614 aut
470 1549 720 1634 murgentinum,
744 1547 894 1630 apicium,
916 1547 1068 1611 lucanum
1088 1545 1185 1611 serii

150 1639 272 1701 ceteras
300 1637 397 1721 vites,
430 1640 462 1700 et
490 1638 528 1700 de
556 1638 597 1700 iis
625 1636 786 1700 miseellas
814 1635 969 1715 maxime,
1006 1636 1042 1697 in
1069 1657 1164 1700 omne

74 1739 164 1792 XXVI
173 1745 274 1808 genus
299 1727 369 1807 agri
393 1726 571 1789 convenire.
617 1724 652 1788 in
680 1725 769 1789 omni
793 1725 888 1788 vinea
911 1723 1086 1806 diligenter
1111 1725 1164 1788 ob·

151 1815 281 1875 servant
304 1816 341 1875 ut
364 1813 465 1876 ridica
489 1814 565 1877 vitis
589 1812 630 1875 ad
653 1813 918 1895 septemtrionem
941 1832 1054 1876 versus
1073 1815 1164 1896 toga

126 1904 216 1986 *tur;
254 1915 286 1963 et
310 1900 338 1964 si
361 1921 531 1983 cupressos
555 1901 658 1983 vivae,
687 1923 746 1984 pro
770 1900 878 1964 ridiois
903 1921 984 1983 quas
1007 1901 1164 1982 inserunt,

150 1989 293 2052 alternos
323 1989 451 2053 ordines
481 1989 655 2072 inponunt,
682 2011 786 2073 neque
815 2011 870 2053 eos
899 2009 1042 2052 crescere
1066 1989 1185 2054 altiusr

151 2099 249 2160 quam
268 2077 385 2141 ridicas
404 2078 582 2162 patiantur,
604 2100 708 2162 neque
727 2083 860 2161 propter
881 2098 935 2141 eos
958 2081 995 2141 ut
1014 2076 1167 2142 adserant

151 2166 243 2249 vites,
267 2166 352 2248 quod
376 2166 461 2230 inter
485 2188 519 2230 se
542 2167 622 2230 haec
640 2166 780 2230 inimica.

151 2313 154 2317 ,
240 2253 563 2337 AgriusFundanio,
585 2253 718 2339 Vereor,
740 2253 854 2338 inquit,
877 2275 919 2317 ne
943 2256 1018 2317 ante
1042 2254 1165 2319 aeditu-

151 2365 222 2406 mus
246 2343 355 2407 veniat
378 2343 450 2425 huc,
475 2366 572 2427 quam
595 2343 648 2407 hio
671 2344 711 2406 ad
736 2349 889 2426 quartum
904 2346 1022 2407 actum.
1058 2343 1165 2408 vinde·

152 2433 250 2495 miam
280 2433 367 2496 enim
396 2438 539 2515 expecto.
584 2431 677 2497 Bono
706 2433 815 2494 animo
839 2453 885 2513 es,
914 2432 1021 2513 inquit
1044 2431 1185 2516 Scrofae

84 2533 188 2589 XXVII
199 2543 236 2585 ae
258 2521 390 2584 fiscinas
414 2521 528 2604 expedi
551 2524 585 2585 et
608 2543 731 2584 urnam.
783 2523 816 2582 et
839 2519 993 2602 quoniam
1016 2523 1166 2605 tempora

152 2608 288 2672 duorum
309 2629 465 2693 generum
484 2612 686 2692 suetonum
706 2608 831 2691 annale,
854 2607 939 2690 quod
959 2607 1008 2671 sol
1028 2608 1166 2672 circuitu

153 2717 210 2759 suo
234 2696 316 2776 finit,
347 2695 487 2759 alterum
510 2700 727 2779 menstruum,
755 2695 840 2781 quod
868 2698 945 2760 luna
973 2696 1164 2761 circumiens

152 2784 351 2864 conprendit,
375 2784 464 2866 prius
488 2784 593 2849 dicam
618 2783 656 2848 de
680 2786 757 2849 sole.
804 2785 872 2849 eius
901 2805 1014 2848 cursus
1038 2785 1164 2849 annalis

242 2937 382 3008 ‘lbipallo
442 2939 566 2994 Saltum
587 2940 685 3010 (alium
709 2940 748 3008 V)
809 2939 909 2994 eadem
975 2946 1007 2993 13
1026 2938 1165 3012 helvium]

151 3007 280 3062 helutum
343 3015 375 3062 16
395 3009 429 3064 de
448 3011 483 3065 iis
503 3010 612 3081 (dehis
636 3011 676 3079 V)
741 3017 807 3066 18a
827 3010 1017 3081 septentrione
1081 3017 1114 3065 21
1136 3014 1167 3066 ut

151 3078 287 3134 adserunt
358 3087 392 3135 23
411 3082 561 3137 aeditimus
630 3088 663 3136 29
683 3083 861 3152 comprendit
877 3081 1105 3169 (comprehendit
1128 3082 1167 3150 V)

242 3221 416 3304 lbipaliou
511 3224 596 3292 pedes
620 3225 716 3278 ternos
740 3223 828 3278 alium
850 3224 885 3278 ab
912 3221 968 3277 alio
992 3223 1090 3278 serito.
1127 3222 1168 3277 ibi

152 3292 298 3346 corrudam
326 3293 425 3362 serito,
453 3295 527 3348 unde
554 3292 688 3363 asparagi
713 3294 791 3349 fiant.
829 3311 895 3348 nam
914 3293 1047 3348 convenit
1064 3295 1169 3348 harun-

152 3364 278 3418 dinatum
298 3381 361 3418 cum
380 3365 498 3419 corruda
518 3364 585 3420 Octo
600 3371 668 3432 ao,
687 3370 704 3420 3
785 3364 974 3419 Scandemo
1056 3370 1089 3419 13
1107 3365 1168 3420 hel

151 3434 228 3488 vium
251 3434 364 3490 Plinius
386 3441 444 3490 not.
468 3436 531 3491 hist.
556 3435 645 3504 XIV,
665 3441 718 3490 146
820 3441 853 3490 18
881 3434 918 3490 ad
946 3435 1168 3506 septentrionem

152 3519 249 3559 uersus
267 3523 294 3560 m
