2452 3938
153 158 196 221 48
570 157 756 213 VARRONIS

153 307 292 385 faenum,
312 283 422 367 secari.
460 303 588 367 ocinum
608 304 729 367 dictum
748 326 767 367 a
786 324 903 388 graeco
922 302 1022 367 verbo
1047 295 1167 384 ὠκέως,

154 393 239 478 quod
263 392 350 454 valet
373 391 447 474 cito,
471 392 622 456 similiter
645 394 729 476 quod
749 392 890 455 ocimum
909 391 944 454 in
962 391 1068 456 horto.
1102 389 1167 455 hoc

154 480 292 564 amplius
321 481 440 544 dictum
468 481 611 562 ocinum,
640 481 725 565 quod
753 482 833 545 citat
860 481 967 544 alvom
995 479 1102 543 bubus
1135 483 1168 543 et

153 572 225 636 ideo
248 569 289 633 iis
313 569 417 651 datur,
447 572 484 632 ut
506 574 694 653 purgentur.
739 569 771 633 id
796 572 846 632 est
868 589 906 633 ex
928 568 1031 633 fabali
1055 571 1168 653 segete

123 659 255 724 5viride
288 662 421 740 sectum,
454 662 628 741 antequam
661 662 760 742 genat
792 659 943 740 siliquas,
979 660 1094 720 eontra
1128 678 1167 720 ex
1196 677 1208 717 r

156 752 278 832 segete,
305 746 362 808 ubi
390 751 462 809 sata
490 745 634 810 admixta
660 746 817 810 hordeum
845 751 877 808 et
905 746 989 810 vicia
1016 749 1050 809 et
1078 746 1170 830 legu-

156 839 253 918 mina,
284 834 396 919 pabuli
428 856 526 898 eausa
557 835 658 899 viride
691 835 731 898 ab
765 857 803 899 eo
836 834 921 918 quod
956 833 1049 914 [fert]
1082 833 1169 897 ferro

156 946 251 990 caesa
277 924 406 1007 farrago
430 923 530 1006 dicta,
560 926 617 987 aut
642 923 717 986 inde
741 924 885 1006 sarrapo,
913 921 999 1006 quod
1026 921 1170 1005 primum

155 1014 190 1078 in
217 1012 356 1076 farraeia
385 1016 494 1096 segete
522 1011 591 1075 lieri
620 1018 741 1094 coepta.
796 1034 833 1075 eo
862 1012 935 1095 equi
964 1014 997 1074 et
1022 1012 1171 1074 iumenta

156 1106 264 1167 cetera
286 1121 386 1163 verno
409 1104 555 1182 tempore
577 1105 759 1183 purgantur
783 1121 820 1164 ac
844 1101 1045 1182 saginantur.
1084 1100 1206 1163 viciam

157 1190 243 1254 dieta
267 1210 286 1251 a
305 1188 485 1271 vinciendo,
509 1188 593 1273 quod
612 1190 690 1253 item
709 1188 876 1271 capreolos
895 1187 1004 1270 habet,
1026 1191 1064 1251 ut
1082 1187 1170 1266 vitis,

157 1277 286 1363 quibus,
319 1298 390 1340 cum
418 1298 529 1340 susum
557 1300 669 1342 versus
698 1277 813 1361 serpit,
842 1277 882 1340 ad
906 1294 1040 1359 scapum
1064 1276 1171 1359 lupini

159 1366 298 1431 aliumve
326 1386 421 1447 quem
450 1369 487 1429 ut
509 1365 656 1450 haereat,
683 1367 715 1429 id
740 1366 824 1430 solet
846 1365 976 1430 vincire.
1022 1364 1050 1428 si
1074 1368 1171 1447 prata

156 1456 288 1540 inrigua
314 1453 465 1534 habebis,
494 1455 629 1518 simulac
653 1455 783 1518 faenum
807 1453 987 1536 sustuleris,
1015 1453 1170 1536 inrigare

156 1545 190 1607 in
217 1565 326 1626 poma,
355 1565 437 1627 quae
464 1543 564 1607 insita
592 1547 701 1621 erunt,
729 1542 927 1607 siccitatibus
952 1563 1071 1624 aquam
1094 1540 1206 1604 addin

159 1631 276 1698 cotidie
296 1631 430 1715 vesperi.
468 1652 579 1714 aquo,
602 1631 689 1715 quod
708 1631 855 1716 indigent
877 1635 968 1714 potu,
990 1651 1089 1714 poma
1114 1629 1168 1711 [L]

157 1722 244 1784 dicta
266 1741 335 1781 esse
357 1723 504 1802 possunt.

74 1823 178 1878 XXXII
246 1807 368 1882 Quarto
403 1807 575 1872 intervallo
608 1807 692 1871 inter
724 1808 900 1873 solstitium
928 1812 961 1871 et
988 1807 1169 1871 caniculam

48 1975 51 1983 ἱ
160 1895 304 1980 plerique
323 1916 461 1959 messem
481 1897 613 1974 faciunt,
632 1897 715 1979 quod
735 1899 932 1960 frumentum
952 1896 1063 1960 dicunt
1078 1895 1171 1978 quin-

161 1985 264 2050 decim
288 1983 400 2047 diebus
424 2005 494 2048 esse
514 1985 549 2047 in
567 1985 704 2069 vaginis,
727 1985 910 2070 quindecim
929 1985 1054 2066 florere,
1079 1984 1169 2068 quin-
1184 2005 1206 2044 rc

162 2074 265 2138 decim
284 2094 477 2157 exarescere,
496 2094 567 2137 cum
590 2074 633 2136 sit
651 2078 822 2139 maturum.
851 2073 1013 2137 arationes
1034 2073 1172 2154 absolvi,

162 2183 242 2244 quae
265 2183 302 2225 eo
325 2160 558 2226 fructuosiores
581 2162 673 2245 fiunt,
696 2185 759 2246 quo
781 2162 922 2226 caldiore
941 2166 1028 2225 terra
1047 2164 1171 2226 aratur:

163 2251 190 2314 si
213 2249 415 2332 proscideris,
440 2250 571 2334 offringi
594 2254 731 2336 oportet,
754 2251 788 2314 id
810 2255 859 2315 est
876 2252 1003 2333 iterare,
1026 2254 1063 2313 ut
1081 2248 1171 2313 fran-

162 2342 281 2423 gantur
304 2338 448 2424 glaebae.
485 2341 591 2423 prima
610 2339 696 2403 enim
715 2340 860 2404 aratione
878 2339 1017 2424 grandes
1036 2338 1172 2420 glaebae

128 2438 198 2494 Xex
221 2431 310 2492 terra
333 2428 529 2493 scinduntur.
574 2428 744 2491 serendum
767 2429 893 2511 viciam,
916 2429 1050 2509 lentem,
1074 2427 1169 2490 cicer·
1183 2445 1206 2486 aa

158 2519 273 2597 culam,
297 2516 429 2580 ervilam
454 2521 631 2600 ceteraque,
655 2539 737 2600 quae
762 2518 817 2580 alii
840 2515 1017 2600 legumina,
1042 2516 1109 2599 alii,
1133 2521 1171 2580 ut

247 2696 260 2741 1
281 2689 363 2743 sicori
417 2683 523 2760 ὠκέως]
545 2705 627 2743 oecos
690 2696 705 2744 2
725 2690 800 2758 quod
819 2689 953 2760 ocimum]
973 2706 1028 2757 qno
1047 2689 1171 2745 ocimum

158 2765 176 2811 4
194 2759 225 2812 id
244 2761 288 2813 est
306 2759 396 2812 sabuli
469 2766 484 2814 7
502 2759 600 2814 uirdea
619 2779 673 2829 quo
692 2760 749 2815 fort
766 2760 840 2816 ferro
856 2777 939 2815 caesa
956 2761 1069 2829 farrago
1093 2761 1170 2815 dicta

158 2832 208 2883 aut
225 2830 286 2883 nise
304 2830 378 2897 quod
397 2829 518 2898 primum
532 2831 562 2884 in
576 2831 696 2886 farracia
710 2835 806 2901 segete
820 2831 876 2886 seri
891 2833 991 2899 coepta
1037 2837 1072 2886 10
1091 2847 1170 2900 sage-

157 2903 260 2954 nantur
333 2906 365 2954 12
386 2917 481 2954 susum
503 2920 599 2956 uersus
623 2907 729 2969 (susum
748 2919 859 2957 uersum
880 2903 941 2959 Pol.
960 2908 985 2956 et
1001 2903 1061 2957 cod.
1081 2902 1172 2970 Flor,

157 2988 252 3024 susum
271 2988 367 3025 uersus
385 2973 493 3041 reliqua
510 2975 681 3043 apoprapoa)
712 2980 760 3034 Ι13
781 2974 893 3028 uincere
940 2979 972 3026 16
990 2973 1101 3042 vesperi
1120 2989 1171 3027 om.

159 3041 269 3110 indiget
342 3047 374 3097 19
394 3043 490 3096 dicant
561 3049 594 3098 21
614 3045 726 3099 absolui
744 3043 866 3114 (adsolui
884 3045 955 3111 Pol,
975 3044 1087 3098 absolui
1105 3044 1172 3099 libri

158 3115 360 3182 manuscripti
377 3116 477 3184 omnes)
550 3121 584 3169 22
604 3120 698 3172 arator

306 3225 370 3232 η..-

248 3297 266 3353 1Ι
283 3292 370 3346 secari
390 3293 446 3346 cod.
469 3292 536 3347 Par.
628 3291 794 3346 nsimiliter
818 3291 894 3358 quod
912 3291 1032 3346 ocimum
1057 3292 1171 3348 Nonius

156 3361 1170 3432 mmmmfflmfflwmmmffl

161 3440 192 3485 13
211 3431 317 3488 uincire
335 3451 382 3487 eno
474 3439 507 3488 16
526 3433 630 3489 cotidie
648 3433 760 3502 uesperi
778 3433 890 3488 Nouius
904 3450 934 3502 p.
950 3437 984 3488 61
1040 3432 1172 3504 indigent

158 3503 269 3557 Nouius
286 3521 313 3572 p.
327 3508 362 3558 61
381 3509 406 3558 et
424 3508 479 3559 502
553 3511 584 3560 19
604 3506 734 3558 dieunto
808 3510 841 3558 22
861 3507 986 3558 arcturo
