<?xml version="1.0" encoding="UTF-8"?>
<!DOCTYPE html PUBLIC "-//W3C//DTD XHTML 1.0 Transitional//EN"
    "http://www.w3.org/TR/xhtml1/DTD/xhtml1-transitional.dtd">
<html xmlns="http://www.w3.org/1999/xhtml" xml:lang="en" lang="en">
 <head>
  <title>
</title>
<meta http-equiv="Content-Type" content="text/html;charset=utf-8" />
  <meta name='ocr-system' content='tesseract 3.04.00' />
  <meta name='ocr-capabilities' content='ocr_page ocr_carea ocr_par ocr_line ocrx_word'/>
</head>
<body>
  <div class='ocr_page' id='page_1' title='image "./mterentivarroni00keilgoog/mterentivarroni00keilgoog_0053.png"; bbox 0 0 2452 3938; ppageno 0'>
   <div class='ocr_carea' id='block_1_1' title="bbox 116 164 813 237">
    <p class='ocr_par' dir='ltr' id='par_1_1' title="bbox 116 164 813 237">
     <span class='ocr_line' id='line_1_1' title="bbox 116 164 813 237; baseline -0.004 -10"><span class='ocrx_word' id='word_1_1' title='bbox 116 173 158 237; x_wconf 88' lang='grc'>38</span> <span class='ocrx_word' id='word_1_2' title='bbox 525 170 710 227; x_wconf 82' lang='lat' dir='ltr'><strong>VARRONIS</strong></span> <span class='ocrx_word' id='word_1_3' title='bbox 753 164 756 171; x_wconf 78' lang='grc'><strong>’</strong></span> <span class='ocrx_word' id='word_1_4' title='bbox 806 190 813 202; x_wconf 89' lang='grc'><em>·</em></span> 
     </span>
    </p>
   </div>
   <div class='ocr_carea' id='block_1_2' title="bbox 74 315 1170 2875">
    <p class='ocr_par' dir='ltr' id='par_1_2' title="bbox 114 315 1166 842">
     <span class='ocr_line' id='line_1_2' title="bbox 114 315 1128 399; baseline -0.005 -17"><span class='ocrx_word' id='word_1_5' title='bbox 114 317 238 382; x_wconf 85' lang='lat' dir='ltr'>imitari</span> <span class='ocrx_word' id='word_1_6' title='bbox 267 318 349 383; x_wconf 91' lang='lat' dir='ltr'>alios</span> <span class='ocrx_word' id='word_1_7' title='bbox 378 321 411 382; x_wconf 93' lang='lat' dir='ltr'>et</span> <span class='ocrx_word' id='word_1_8' title='bbox 439 317 533 381; x_wconf 88' lang='lat' dir='ltr'>aliter</span> <span class='ocrx_word' id='word_1_9' title='bbox 562 319 599 380; x_wconf 88' lang='lat' dir='ltr'>ut</span> <span class='ocrx_word' id='word_1_10' title='bbox 621 315 778 381; x_wconf 88' lang='lat' dir='ltr'>faciamus</span> <span class='ocrx_word' id='word_1_11' title='bbox 802 315 1001 399; x_wconf 76' lang='lat' dir='ltr'>experientia</span> <span class='ocrx_word' id='word_1_12' title='bbox 1024 317 1128 398; x_wconf 88' lang='lat' dir='ltr'>temp-</span> 
     </span>
     <span class='ocr_line' id='line_1_3' title="bbox 114 403 1129 490; baseline -0.003 -21"><span class='ocrx_word' id='word_1_13' title='bbox 114 411 185 469; x_wconf 85' lang='lat' dir='ltr'>tare</span> <span class='ocrx_word' id='word_1_14' title='bbox 209 405 376 490; x_wconf 79' lang='lat' dir='ltr'>quaedam,</span> <span class='ocrx_word' id='word_1_15' title='bbox 400 409 569 489; x_wconf 90' lang='lat' dir='ltr'>sequentes</span> <span class='ocrx_word' id='word_1_16' title='bbox 592 427 661 470; x_wconf 91' lang='lat' dir='ltr'>non</span> <span class='ocrx_word' id='word_1_17' title='bbox 680 406 794 490; x_wconf 90' lang='lat' dir='ltr'>aleam,</span> <span class='ocrx_word' id='word_1_18' title='bbox 817 403 874 468; x_wconf 88' lang='lat' dir='ltr'>sed</span> <span class='ocrx_word' id='word_1_19' title='bbox 892 404 1053 468; x_wconf 90' lang='lat' dir='ltr'>rationem</span> <span class='ocrx_word' id='word_1_20' title='bbox 1073 404 1129 467; x_wconf 91' lang='lat' dir='ltr'>ali-</span> 
     </span>
     <span class='ocr_line' id='line_1_4' title="bbox 116 492 1130 578; baseline -0.002 -21"><span class='ocrx_word' id='word_1_21' title='bbox 116 515 226 576; x_wconf 88' lang='lat' dir='ltr'>quam:</span> <span class='ocrx_word' id='word_1_22' title='bbox 254 498 291 558; x_wconf 90' lang='lat' dir='ltr'>ut</span> <span class='ocrx_word' id='word_1_23' title='bbox 314 495 342 558; x_wconf 88' lang='lat' dir='ltr'>si</span> <span class='ocrx_word' id='word_1_24' title='bbox 366 495 462 558; x_wconf 87' lang='lat' dir='ltr'>altius</span> <span class='ocrx_word' id='word_1_25' title='bbox 489 493 797 578; x_wconf 84' lang='lat' dir='ltr'>repastinaverimus</span> <span class='ocrx_word' id='word_1_26' title='bbox 821 497 877 557; x_wconf 87' lang='lat' dir='ltr'>aut</span> <span class='ocrx_word' id='word_1_27' title='bbox 901 492 1008 556; x_wconf 89' lang='lat' dir='ltr'>minus</span> <span class='ocrx_word' id='word_1_28' title='bbox 1033 513 1130 576; x_wconf 89' lang='lat' dir='ltr'>quam</span> 
     </span>
     <span class='ocr_line' id='line_1_5' title="bbox 116 580 1130 666; baseline -0.004 -20"><span class='ocrx_word' id='word_1_29' title='bbox 116 582 182 665; x_wconf 87' lang='lat' dir='ltr'>alii,</span> <span class='ocrx_word' id='word_1_30' title='bbox 207 582 291 666; x_wconf 92' lang='lat' dir='ltr'>quod</span> <span class='ocrx_word' id='word_1_31' title='bbox 313 586 515 647; x_wconf 87' lang='lat' dir='ltr'>momentum</span> <span class='ocrx_word' id='word_1_32' title='bbox 540 604 578 646; x_wconf 91' lang='lat' dir='ltr'>ea</span> <span class='ocrx_word' id='word_1_33' title='bbox 600 603 651 646; x_wconf 90' lang='lat' dir='ltr'>res</span> <span class='ocrx_word' id='word_1_34' title='bbox 674 582 803 665; x_wconf 89' lang='lat' dir='ltr'>habeat,</span> <span class='ocrx_word' id='word_1_35' title='bbox 827 585 864 644; x_wconf 90' lang='lat' dir='ltr'>ut</span> <span class='ocrx_word' id='word_1_36' title='bbox 885 580 1033 646; x_wconf 86' lang='lat' dir='ltr'>fecerunt</span> <span class='ocrx_word' id='word_1_37' title='bbox 1051 581 1075 643; x_wconf 92' lang='lat' dir='ltr'>ii</span> <span class='ocrx_word' id='word_1_38' title='bbox 1095 580 1130 643; x_wconf 94' lang='lat' dir='ltr'>in</span> 
     </span>
     <span class='ocr_line' id='line_1_6' title="bbox 117 668 1166 754; baseline -0.007 -19"><span class='ocrx_word' id='word_1_39' title='bbox 117 671 264 735; x_wconf 89' lang='lat' dir='ltr'>sariendo</span> <span class='ocrx_word' id='word_1_40' title='bbox 287 669 404 735; x_wconf 82' lang='lat' dir='ltr'>iterum</span> <span class='ocrx_word' id='word_1_41' title='bbox 428 675 461 736; x_wconf 94' lang='lat' dir='ltr'>et</span> <span class='ocrx_word' id='word_1_42' title='bbox 483 671 591 753; x_wconf 87' lang='lat' dir='ltr'>terti0,</span> <span class='ocrx_word' id='word_1_43' title='bbox 615 675 648 735; x_wconf 92' lang='lat' dir='ltr'>et</span> <span class='ocrx_word' id='word_1_44' title='bbox 671 671 726 754; x_wconf 90' lang='lat' dir='ltr'>qui</span> <span class='ocrx_word' id='word_1_45' title='bbox 744 671 915 734; x_wconf 76' lang='lat' dir='ltr'>insitiones</span> <span class='ocrx_word' id='word_1_46' title='bbox 934 668 1072 734; x_wconf 82' lang='lat' dir='ltr'>ficulnus</span> <span class='ocrx_word' id='word_1_47' title='bbox 1092 691 1131 732; x_wconf 83' lang='lat' dir='ltr'>ex</span> <span class='ocrx_word' id='word_1_48' title='bbox 1156 688 1166 728; x_wconf 80' lang='lat'><strong>5</strong></span> 
     </span>
     <span class='ocr_line' id='line_1_7' title="bbox 116 760 866 842; baseline 0.003 -20"><span class='ocrx_word' id='word_1_49' title='bbox 116 780 217 822; x_wconf 83' lang='lat' dir='ltr'>verno</span> <span class='ocrx_word' id='word_1_50' title='bbox 240 763 386 842; x_wconf 83' lang='lat' dir='ltr'>tempore</span> <span class='ocrx_word' id='word_1_51' title='bbox 408 760 443 824; x_wconf 95' lang='lat' dir='ltr'>in</span> <span class='ocrx_word' id='word_1_52' title='bbox 467 760 628 824; x_wconf 84' lang='lat' dir='ltr'>aestivum</span> <span class='ocrx_word' id='word_1_53' title='bbox 652 760 866 824; x_wconf 88' lang='lat' dir='ltr'>contulerunt.</span> 
     </span>
    </p>

    <p class='ocr_par' dir='ltr' id='par_1_3' title="bbox 74 845 1166 1462">
     <span class='ocr_line' id='line_1_8' title="bbox 74 845 1132 932; baseline -0.004 -18"><span class='ocrx_word' id='word_1_54' title='bbox 74 861 140 914; x_wconf 80' lang='lat' dir='ltr'>xlx</span> <span class='ocrx_word' id='word_1_55' title='bbox 207 845 256 911; x_wconf 90' lang='lat' dir='ltr'>De</span> <span class='ocrx_word' id='word_1_56' title='bbox 287 848 413 932; x_wconf 89' lang='lat' dir='ltr'>reliqua</span> <span class='ocrx_word' id='word_1_57' title='bbox 443 851 536 931; x_wconf 89' lang='lat' dir='ltr'>parte</span> <span class='ocrx_word' id='word_1_58' title='bbox 568 848 792 931; x_wconf 73' lang='lat' dir='ltr'>instrumenti,</span> <span class='ocrx_word' id='word_1_59' title='bbox 824 846 908 931; x_wconf 92' lang='lat' dir='ltr'>quod</span> <span class='ocrx_word' id='word_1_60' title='bbox 939 845 1132 910; x_wconf 83' lang='lat' dir='ltr'>semivocale</span> 
     </span>
     <span class='ocr_line' id='line_1_9' title="bbox 119 934 1131 1019; baseline -0.002 -19"><span class='ocrx_word' id='word_1_61' title='bbox 119 935 293 1019; x_wconf 84' lang='lat' dir='ltr'>appellavi,</span> <span class='ocrx_word' id='word_1_62' title='bbox 321 934 460 1001; x_wconf 82' lang='lat' dir='ltr'>Saserna</span> <span class='ocrx_word' id='word_1_63' title='bbox 484 936 524 1000; x_wconf 88' lang='lat' dir='ltr'>ad</span> <span class='ocrx_word' id='word_1_64' title='bbox 551 935 664 1018; x_wconf 86' lang='lat' dir='ltr'>iugera</span> <span class='ocrx_word' id='word_1_65' title='bbox 685 951 727 999; x_wconf 81' lang='lat' dir='ltr'>cc</span> <span class='ocrx_word' id='word_1_66' title='bbox 747 935 816 999; x_wconf 86' lang='lat' dir='ltr'>arvi</span> <span class='ocrx_word' id='word_1_67' title='bbox 842 935 941 999; x_wconf 92' lang='lat' dir='ltr'>boum</span> <span class='ocrx_word' id='word_1_68' title='bbox 965 934 1043 1018; x_wconf 84' lang='lat' dir='ltr'>iuga</span> <span class='ocrx_word' id='word_1_69' title='bbox 1068 934 1131 998; x_wconf 94' lang='lat' dir='ltr'>duo</span> 
     </span>
     <span class='ocr_line' id='line_1_10' title="bbox 118 1022 1131 1108; baseline 0 -22"><span class='ocrx_word' id='word_1_70' title='bbox 118 1025 199 1087; x_wconf 87' lang='lat' dir='ltr'>satis</span> <span class='ocrx_word' id='word_1_71' title='bbox 223 1046 293 1088; x_wconf 88' lang='lat' dir='ltr'>esse</span> <span class='ocrx_word' id='word_1_72' title='bbox 318 1024 445 1108; x_wconf 85' lang='lat' dir='ltr'>scribit,</span> <span class='ocrx_word' id='word_1_73' title='bbox 472 1022 555 1089; x_wconf 80' lang='lat' dir='ltr'>Cato</span> <span class='ocrx_word' id='word_1_74' title='bbox 580 1024 615 1087; x_wconf 94' lang='lat' dir='ltr'>in</span> <span class='ocrx_word' id='word_1_75' title='bbox 639 1024 749 1088; x_wconf 87' lang='lat' dir='ltr'>oliveti</span> <span class='ocrx_word' id='word_1_76' title='bbox 773 1040 862 1088; x_wconf 73' lang='lat' dir='ltr'>coxa</span> <span class='ocrx_word' id='word_1_77' title='bbox 886 1023 1007 1107; x_wconf 82' lang='lat' dir='ltr'>ingeris</span> <span class='ocrx_word' id='word_1_78' title='bbox 1032 1023 1131 1087; x_wconf 79' lang='lat' dir='ltr'>boves</span> 
     </span>
     <span class='ocr_line' id='line_1_11' title="bbox 117 1110 1166 1196; baseline -0.004 -22"><span class='ocrx_word' id='word_1_79' title='bbox 117 1113 231 1176; x_wconf 87' lang='lat' dir='ltr'>trinos.</span> <span class='ocrx_word' id='word_1_80' title='bbox 268 1112 316 1176; x_wconf 88' lang='lat' dir='ltr'>ita</span> <span class='ocrx_word' id='word_1_81' title='bbox 338 1112 377 1175; x_wconf 81' lang='lat' dir='ltr'>fir</span> <span class='ocrx_word' id='word_1_82' title='bbox 399 1115 444 1191; x_wconf 89' lang='lat' dir='ltr'>ut,</span> <span class='ocrx_word' id='word_1_83' title='bbox 467 1114 496 1176; x_wconf 82' lang='lat' dir='ltr'>si</span> <span class='ocrx_word' id='word_1_84' title='bbox 515 1110 654 1176; x_wconf 82' lang='lat' dir='ltr'>Saserna</span> <span class='ocrx_word' id='word_1_85' title='bbox 677 1111 755 1176; x_wconf 88' lang='lat' dir='ltr'>dicit</span> <span class='ocrx_word' id='word_1_86' title='bbox 776 1133 896 1196; x_wconf 84' lang='lat' dir='ltr'>verum,</span> <span class='ocrx_word' id='word_1_87' title='bbox 919 1111 959 1175; x_wconf 88' lang='lat' dir='ltr'>ad</span> <span class='ocrx_word' id='word_1_88' title='bbox 979 1126 998 1174; x_wconf 85' lang='lat' dir='ltr'>c</span> <span class='ocrx_word' id='word_1_89' title='bbox 1018 1111 1133 1196; x_wconf 81' lang='lat' dir='ltr'>iugera</span> <span class='ocrx_word' id='word_1_90' title='bbox 1146 1131 1166 1170; x_wconf 91' lang='lat' dir='ltr'>u</span> 
     </span>
     <span class='ocr_line' id='line_1_12' title="bbox 117 1198 1133 1284; baseline -0.002 -20"><span class='ocrx_word' id='word_1_91' title='bbox 117 1201 229 1282; x_wconf 83' lang='lat' dir='ltr'>iugum</span> <span class='ocrx_word' id='word_1_92' title='bbox 253 1219 333 1283; x_wconf 87' lang='lat' dir='ltr'>opus</span> <span class='ocrx_word' id='word_1_93' title='bbox 358 1200 415 1283; x_wconf 89' lang='lat' dir='ltr'>sit,</span> <span class='ocrx_word' id='word_1_94' title='bbox 444 1201 472 1265; x_wconf 89' lang='lat' dir='ltr'>si</span> <span class='ocrx_word' id='word_1_95' title='bbox 496 1198 587 1284; x_wconf 83' lang='lat' dir='ltr'>Octo,</span> <span class='ocrx_word' id='word_1_96' title='bbox 611 1200 651 1264; x_wconf 89' lang='lat' dir='ltr'>ad</span> <span class='ocrx_word' id='word_1_97' title='bbox 675 1204 841 1284; x_wconf 84' lang='lat' dir='ltr'>octogena.</span> <span class='ocrx_word' id='word_1_98' title='bbox 889 1200 945 1264; x_wconf 90' lang='lat' dir='ltr'>sed</span> <span class='ocrx_word' id='word_1_99' title='bbox 969 1219 1030 1282; x_wconf 83' lang='lat' dir='ltr'>ego</span> <span class='ocrx_word' id='word_1_100' title='bbox 1053 1221 1133 1263; x_wconf 90' lang='lat' dir='ltr'>neu-</span> 
     </span>
     <span class='ocr_line' id='line_1_13' title="bbox 117 1286 1131 1372; baseline 0 -20"><span class='ocrx_word' id='word_1_101' title='bbox 117 1291 203 1352; x_wconf 89' lang='lat' dir='ltr'>trum</span> <span class='ocrx_word' id='word_1_102' title='bbox 227 1288 357 1352; x_wconf 89' lang='lat' dir='ltr'>modum</span> <span class='ocrx_word' id='word_1_103' title='bbox 380 1289 497 1355; x_wconf 91' lang='lat' dir='ltr'>horum</span> <span class='ocrx_word' id='word_1_104' title='bbox 517 1310 646 1354; x_wconf 89' lang='lat' dir='ltr'>omnem</span> <span class='ocrx_word' id='word_1_105' title='bbox 666 1286 706 1353; x_wconf 89' lang='lat' dir='ltr'>ad</span> <span class='ocrx_word' id='word_1_106' title='bbox 725 1287 1031 1372; x_wconf 79' lang='lat' dir='ltr'>agrum&#39;oonvenire</span> <span class='ocrx_word' id='word_1_107' title='bbox 1051 1291 1131 1370; x_wconf 90' lang='lat' dir='ltr'>puto</span> 
     </span>
     <span class='ocr_line' id='line_1_14' title="bbox 118 1375 1134 1462; baseline 0 -24"><span class='ocrx_word' id='word_1_108' title='bbox 118 1380 151 1438; x_wconf 89' lang='lat' dir='ltr'>et</span> <span class='ocrx_word' id='word_1_109' title='bbox 173 1380 345 1460; x_wconf 87' lang='lat' dir='ltr'>utrumque</span> <span class='ocrx_word' id='word_1_110' title='bbox 369 1377 409 1442; x_wconf 91' lang='lat' dir='ltr'>ad</span> <span class='ocrx_word' id='word_1_111' title='bbox 434 1378 584 1462; x_wconf 86' lang='lat' dir='ltr'>aliquem.</span> <span class='ocrx_word' id='word_1_112' title='bbox 621 1378 685 1442; x_wconf 87' lang='lat' dir='ltr'>alia</span> <span class='ocrx_word' id='word_1_113' title='bbox 708 1379 793 1442; x_wconf 90' lang='lat' dir='ltr'>enirn</span> <span class='ocrx_word' id='word_1_114' title='bbox 817 1380 905 1440; x_wconf 88' lang='lat' dir='ltr'>terra</span> <span class='ocrx_word' id='word_1_115' title='bbox 927 1375 1055 1440; x_wconf 87' lang='lat' dir='ltr'>facilior</span> <span class='ocrx_word' id='word_1_116' title='bbox 1077 1379 1134 1440; x_wconf 89' lang='lat' dir='ltr'>aut</span> 
     </span>
    </p>

    <p class='ocr_par' dir='ltr' id='par_1_4' title="bbox 88 1464 1169 1901">
     <span class='ocr_line' id='line_1_15' title="bbox 88 1464 1133 1548; baseline 0 -21"><span class='ocrx_word' id='word_1_117' title='bbox 88 1464 281 1529; x_wconf 80' lang='lat' dir='ltr'>adiffioilior</span> <span class='ocrx_word' id='word_1_118' title='bbox 304 1469 376 1533; x_wconf 81' lang='lat' dir='ltr'>est:</span> <span class='ocrx_word' id='word_1_119' title='bbox 410 1467 508 1530; x_wconf 86' lang='lat' dir='ltr'>aliam</span> <span class='ocrx_word' id='word_1_120' title='bbox 542 1471 663 1530; x_wconf 89' lang='lat' dir='ltr'>terram</span> <span class='ocrx_word' id='word_1_121' title='bbox 695 1467 794 1531; x_wconf 83' lang='lat' dir='ltr'>boves</span> <span class='ocrx_word' id='word_1_122' title='bbox 827 1465 1034 1548; x_wconf 89' lang='lat' dir='ltr'>proscindere</span> <span class='ocrx_word' id='word_1_123' title='bbox 1067 1464 1133 1528; x_wconf 89' lang='lat' dir='ltr'>nisi</span> 
     </span>
     <span class='ocr_line' id='line_1_16' title="bbox 118 1553 1169 1638; baseline -0.006 -21"><span class='ocrx_word' id='word_1_124' title='bbox 118 1554 248 1637; x_wconf 81' lang='lat' dir='ltr'>magnis</span> <span class='ocrx_word' id='word_1_125' title='bbox 271 1554 394 1619; x_wconf 84' lang='lat' dir='ltr'>viribus</span> <span class='ocrx_word' id='word_1_126' title='bbox 418 1577 485 1620; x_wconf 88' lang='lat' dir='ltr'>non</span> <span class='ocrx_word' id='word_1_127' title='bbox 509 1558 646 1638; x_wconf 85' lang='lat' dir='ltr'>possunt</span> <span class='ocrx_word' id='word_1_128' title='bbox 670 1558 702 1620; x_wconf 89' lang='lat' dir='ltr'>et</span> <span class='ocrx_word' id='word_1_129' title='bbox 726 1575 823 1638; x_wconf 87' lang='lat' dir='ltr'>saepe</span> <span class='ocrx_word' id='word_1_130' title='bbox 850 1553 957 1618; x_wconf 87' lang='lat' dir='ltr'>fracta</span> <span class='ocrx_word' id='word_1_131' title='bbox 979 1553 1061 1616; x_wconf 90' lang='lat' dir='ltr'>bura</span> <span class='ocrx_word' id='word_1_132' title='bbox 1084 1575 1133 1617; x_wconf 91' lang='lat' dir='ltr'>re·</span> <span class='ocrx_word' id='word_1_133' title='bbox 1147 1571 1169 1612; x_wconf 82' lang='lat'>15</span> 
     </span>
     <span class='ocr_line' id='line_1_17' title="bbox 117 1641 1134 1727; baseline 0 -23"><span class='ocrx_word' id='word_1_134' title='bbox 117 1642 269 1726; x_wconf 90' lang='lat' dir='ltr'>linquunt</span> <span class='ocrx_word' id='word_1_135' title='bbox 291 1665 456 1708; x_wconf 79' lang='lat' dir='ltr'>vomerem</span> <span class='ocrx_word' id='word_1_136' title='bbox 479 1643 515 1707; x_wconf 91' lang='lat' dir='ltr'>in</span> <span class='ocrx_word' id='word_1_137' title='bbox 538 1665 624 1707; x_wconf 84' lang='lat' dir='ltr'>arvo.</span> <span class='ocrx_word' id='word_1_138' title='bbox 672 1665 735 1727; x_wconf 91' lang='lat' dir='ltr'>quo</span> <span class='ocrx_word' id='word_1_139' title='bbox 760 1642 959 1726; x_wconf 89' lang='lat' dir='ltr'>sequendum</span> <span class='ocrx_word' id='word_1_140' title='bbox 982 1641 1077 1706; x_wconf 91' lang='lat' dir='ltr'>nobis</span> <span class='ocrx_word' id='word_1_141' title='bbox 1099 1643 1134 1705; x_wconf 92' lang='lat' dir='ltr'>in</span> 
     </span>
     <span class='ocr_line' id='line_1_18' title="bbox 119 1730 1134 1814; baseline 0 -22"><span class='ocrx_word' id='word_1_142' title='bbox 119 1730 257 1813; x_wconf 83' lang='lat' dir='ltr'>singulis</span> <span class='ocrx_word' id='word_1_143' title='bbox 287 1730 409 1813; x_wconf 92' lang='lat' dir='ltr'>fundis,</span> <span class='ocrx_word' id='word_1_144' title='bbox 445 1732 521 1795; x_wconf 91' lang='lat' dir='ltr'>dum</span> <span class='ocrx_word' id='word_1_145' title='bbox 552 1753 663 1794; x_wconf 89' lang='lat' dir='ltr'>sumus</span> <span class='ocrx_word' id='word_1_146' title='bbox 693 1732 826 1814; x_wconf 79' lang='lat' dir='ltr'>novicii,</span> <span class='ocrx_word' id='word_1_147' title='bbox 860 1730 982 1814; x_wconf 86' lang='lat' dir='ltr'>triplici</span> <span class='ocrx_word' id='word_1_148' title='bbox 1011 1730 1134 1814; x_wconf 82' lang='lat' dir='ltr'>regula,</span> 
     </span>
     <span class='ocr_line' id='line_1_19' title="bbox 120 1817 1134 1901; baseline 0.002 -21"><span class='ocrx_word' id='word_1_149' title='bbox 120 1817 295 1900; x_wconf 91' lang='lat' dir='ltr'>superioris</span> <span class='ocrx_word' id='word_1_150' title='bbox 314 1819 438 1883; x_wconf 88' lang='lat' dir='ltr'>domini</span> <span class='ocrx_word' id='word_1_151' title='bbox 458 1819 611 1884; x_wconf 88' lang='lat' dir='ltr'>instituto</span> <span class='ocrx_word' id='word_1_152' title='bbox 631 1823 664 1883; x_wconf 89' lang='lat' dir='ltr'>et</span> <span class='ocrx_word' id='word_1_153' title='bbox 681 1820 863 1884; x_wconf 87' lang='lat' dir='ltr'>vicinorum</span> <span class='ocrx_word' id='word_1_154' title='bbox 882 1823 914 1883; x_wconf 89' lang='lat' dir='ltr'>et</span> <span class='ocrx_word' id='word_1_155' title='bbox 933 1819 1134 1901; x_wconf 88' lang='lat' dir='ltr'>experientia</span> 
     </span>
    </p>

    <p class='ocr_par' dir='ltr' id='par_1_5' title="bbox 90 1906 1170 2875">
     <span class='ocr_line' id='line_1_20' title="bbox 90 1906 1133 1992; baseline 0.001 -22"><span class='ocrx_word' id='word_1_156' title='bbox 90 1906 268 1990; x_wconf 88' lang='lat' dir='ltr'>3quadam.</span> <span class='ocrx_word' id='word_1_157' title='bbox 314 1908 399 1990; x_wconf 91' lang='lat' dir='ltr'>quod</span> <span class='ocrx_word' id='word_1_158' title='bbox 423 1907 513 1971; x_wconf 87' lang='lat' dir='ltr'>addit</span> <span class='ocrx_word' id='word_1_159' title='bbox 540 1909 649 1972; x_wconf 88' lang='lat' dir='ltr'>asinos</span> <span class='ocrx_word' id='word_1_160' title='bbox 673 1909 728 1992; x_wconf 91' lang='lat' dir='ltr'>qui</span> <span class='ocrx_word' id='word_1_161' title='bbox 757 1911 880 1972; x_wconf 87' lang='lat' dir='ltr'>stercus</span> <span class='ocrx_word' id='word_1_162' title='bbox 902 1910 1032 1971; x_wconf 87' lang='lat' dir='ltr'>vectent</span> <span class='ocrx_word' id='word_1_163' title='bbox 1055 1910 1133 1991; x_wconf 86' lang='lat' dir='ltr'>tres,</span> 
     </span>
     <span class='ocr_line' id='line_1_21' title="bbox 120 1995 1170 2082; baseline -0.005 -23"><span class='ocrx_word' id='word_1_164' title='bbox 120 1995 249 2059; x_wconf 90' lang='lat' dir='ltr'>asinum</span> <span class='ocrx_word' id='word_1_165' title='bbox 277 1996 464 2082; x_wconf 89' lang='lat' dir='ltr'>molarium,</span> <span class='ocrx_word' id='word_1_166' title='bbox 491 1996 525 2060; x_wconf 92' lang='lat' dir='ltr'>in</span> <span class='ocrx_word' id='word_1_167' title='bbox 553 1996 648 2061; x_wconf 79' lang='lat' dir='ltr'>vinea</span> <span class='ocrx_word' id='word_1_168' title='bbox 677 1998 824 2080; x_wconf 83' lang='lat' dir='ltr'>iugerum</span> <span class='ocrx_word' id='word_1_169' title='bbox 845 2014 865 2061; x_wconf 87' lang='lat' dir='ltr'>c</span> <span class='ocrx_word' id='word_1_170' title='bbox 887 1997 999 2080; x_wconf 84' lang='lat' dir='ltr'>iugum</span> <span class='ocrx_word' id='word_1_171' title='bbox 1024 1996 1170 2078; x_wconf 81' lang='lat' dir='ltr'>boum,ro</span> 
     </span>
     <span class='ocr_line' id='line_1_22' title="bbox 121 2083 1134 2170; baseline 0 -22"><span class='ocrx_word' id='word_1_172' title='bbox 121 2083 284 2148; x_wconf 88' lang='lat' dir='ltr'>asinorum</span> <span class='ocrx_word' id='word_1_173' title='bbox 317 2086 443 2170; x_wconf 82' lang='lat' dir='ltr'>iugum,</span> <span class='ocrx_word' id='word_1_174' title='bbox 476 2084 604 2150; x_wconf 88' lang='lat' dir='ltr'>asinum</span> <span class='ocrx_word' id='word_1_175' title='bbox 637 2085 822 2150; x_wconf 87' lang='lat' dir='ltr'>molarium:</span> <span class='ocrx_word' id='word_1_176' title='bbox 855 2086 890 2148; x_wconf 92' lang='lat' dir='ltr'>in</span> <span class='ocrx_word' id='word_1_177' title='bbox 921 2083 983 2148; x_wconf 86' lang='lat' dir='ltr'>hoe</span> <span class='ocrx_word' id='word_1_178' title='bbox 1015 2104 1134 2168; x_wconf 83' lang='lat' dir='ltr'>genere</span> 
     </span>
     <span class='ocr_line' id='line_1_23' title="bbox 121 2172 1135 2257; baseline 0.001 -22"><span class='ocrx_word' id='word_1_179' title='bbox 121 2173 364 2237; x_wconf 85' lang='lat' dir='ltr'>semivocalium</span> <span class='ocrx_word' id='word_1_180' title='bbox 388 2173 588 2239; x_wconf 87' lang='lat' dir='ltr'>adiciendum</span> <span class='ocrx_word' id='word_1_181' title='bbox 612 2175 651 2238; x_wconf 91' lang='lat' dir='ltr'>de</span> <span class='ocrx_word' id='word_1_182' title='bbox 675 2195 789 2257; x_wconf 88' lang='lat' dir='ltr'>pecore</span> <span class='ocrx_word' id='word_1_183' title='bbox 811 2194 849 2237; x_wconf 88' lang='lat' dir='ltr'>ea</span> <span class='ocrx_word' id='word_1_184' title='bbox 873 2172 942 2237; x_wconf 91' lang='lat' dir='ltr'>sola</span> <span class='ocrx_word' id='word_1_185' title='bbox 961 2193 1043 2256; x_wconf 89' lang='lat' dir='ltr'>quae</span> <span class='ocrx_word' id='word_1_186' title='bbox 1064 2173 1135 2256; x_wconf 84' lang='lat' dir='ltr'>agri</span> 
     </span>
     <span class='ocr_line' id='line_1_24' title="bbox 121 2260 1135 2346; baseline 0 -22"><span class='ocrx_word' id='word_1_187' title='bbox 121 2260 245 2325; x_wconf 90' lang='lat' dir='ltr'>colendi</span> <span class='ocrx_word' id='word_1_188' title='bbox 278 2284 375 2327; x_wconf 90' lang='lat' dir='ltr'>causa</span> <span class='ocrx_word' id='word_1_189' title='bbox 408 2266 503 2326; x_wconf 90' lang='lat' dir='ltr'>erunt</span> <span class='ocrx_word' id='word_1_190' title='bbox 535 2266 568 2326; x_wconf 89' lang='lat' dir='ltr'>et</span> <span class='ocrx_word' id='word_1_191' title='bbox 600 2284 682 2346; x_wconf 90' lang='lat' dir='ltr'>quae</span> <span class='ocrx_word' id='word_1_192' title='bbox 718 2263 824 2326; x_wconf 91' lang='lat' dir='ltr'>solent</span> <span class='ocrx_word' id='word_1_193' title='bbox 857 2283 927 2325; x_wconf 90' lang='lat' dir='ltr'>esse</span> <span class='ocrx_word' id='word_1_194' title='bbox 958 2261 1135 2344; x_wconf 83' lang='lat' dir='ltr'>peculiaria</span> 
     </span>
     <span class='ocr_line' id='line_1_25' title="bbox 120 2349 1134 2436; baseline -0.001 -22"><span class='ocrx_word' id='word_1_195' title='bbox 120 2371 224 2433; x_wconf 88' lang='lat' dir='ltr'>pauca</span> <span class='ocrx_word' id='word_1_196' title='bbox 246 2351 405 2436; x_wconf 89' lang='lat' dir='ltr'>habenda,</span> <span class='ocrx_word' id='word_1_197' title='bbox 428 2374 491 2436; x_wconf 93' lang='lat' dir='ltr'>quo</span> <span class='ocrx_word' id='word_1_198' title='bbox 515 2350 641 2415; x_wconf 84' lang='lat' dir='ltr'>facilius</span> <span class='ocrx_word' id='word_1_199' title='bbox 660 2349 823 2433; x_wconf 84' lang='lat' dir='ltr'>mancipia</span> <span class='ocrx_word' id='word_1_200' title='bbox 843 2351 939 2433; x_wconf 88' lang='lat' dir='ltr'>[quae</span> <span class='ocrx_word' id='word_1_201' title='bbox 959 2351 1079 2429; x_wconf 90' lang='lat' dir='ltr'>solent]</span> <span class='ocrx_word' id='word_1_202' title='bbox 1101 2371 1134 2413; x_wconf 90' lang='lat' dir='ltr'>se</span> 
     </span>
     <span class='ocr_line' id='line_1_26' title="bbox 119 2439 1170 2523; baseline -0.006 -20"><span class='ocrx_word' id='word_1_203' title='bbox 119 2440 204 2503; x_wconf 91' lang='lat' dir='ltr'>tueri</span> <span class='ocrx_word' id='word_1_204' title='bbox 223 2445 256 2504; x_wconf 80' lang='lat' dir='ltr'>et</span> <span class='ocrx_word' id='word_1_205' title='bbox 275 2440 410 2504; x_wconf 89' lang='lat' dir='ltr'>adsidua</span> <span class='ocrx_word' id='word_1_206' title='bbox 429 2462 498 2505; x_wconf 88' lang='lat' dir='ltr'>esse</span> <span class='ocrx_word' id='word_1_207' title='bbox 517 2439 653 2523; x_wconf 90' lang='lat' dir='ltr'>possint.</span> <span class='ocrx_word' id='word_1_208' title='bbox 689 2440 723 2504; x_wconf 93' lang='lat' dir='ltr'>in</span> <span class='ocrx_word' id='word_1_209' title='bbox 743 2461 780 2503; x_wconf 92' lang='lat' dir='ltr'>eo</span> <span class='ocrx_word' id='word_1_210' title='bbox 800 2459 935 2502; x_wconf 89' lang='lat' dir='ltr'>numero</span> <span class='ocrx_word' id='word_1_211' title='bbox 954 2459 1020 2502; x_wconf 92' lang='lat' dir='ltr'>non</span> <span class='ocrx_word' id='word_1_212' title='bbox 1036 2439 1134 2502; x_wconf 92' lang='lat' dir='ltr'>modo</span> <span class='ocrx_word' id='word_1_213' title='bbox 1147 2455 1170 2498; x_wconf 76' lang='lat' dir='ltr'>a</span> 
     </span>
     <span class='ocr_line' id='line_1_27' title="bbox 121 2526 1136 2612; baseline -0.001 -21"><span class='ocrx_word' id='word_1_214' title='bbox 121 2528 176 2611; x_wconf 90' lang='lat' dir='ltr'>qui</span> <span class='ocrx_word' id='word_1_215' title='bbox 200 2534 295 2612; x_wconf 86' lang='lat' dir='ltr'>prata</span> <span class='ocrx_word' id='word_1_216' title='bbox 317 2529 453 2611; x_wconf 89' lang='lat' dir='ltr'>habent,</span> <span class='ocrx_word' id='word_1_217' title='bbox 481 2531 519 2590; x_wconf 91' lang='lat' dir='ltr'>ut</span> <span class='ocrx_word' id='word_1_218' title='bbox 541 2528 650 2611; x_wconf 87' lang='lat' dir='ltr'>potius</span> <span class='ocrx_word' id='word_1_219' title='bbox 674 2549 749 2592; x_wconf 88' lang='lat' dir='ltr'>oves</span> <span class='ocrx_word' id='word_1_220' title='bbox 773 2548 871 2611; x_wconf 90' lang='lat' dir='ltr'>quam</span> <span class='ocrx_word' id='word_1_221' title='bbox 895 2548 967 2590; x_wconf 88' lang='lat' dir='ltr'>sues</span> <span class='ocrx_word' id='word_1_222' title='bbox 991 2526 1136 2590; x_wconf 85' lang='lat' dir='ltr'>habeant</span> 
     </span>
     <span class='ocr_line' id='line_1_28' title="bbox 121 2614 1135 2701; baseline 0 -22"><span class='ocrx_word' id='word_1_223' title='bbox 121 2621 245 2701; x_wconf 90' lang='lat' dir='ltr'>curant,</span> <span class='ocrx_word' id='word_1_224' title='bbox 261 2617 316 2681; x_wconf 92' lang='lat' dir='ltr'>sed</span> <span class='ocrx_word' id='word_1_225' title='bbox 331 2617 429 2681; x_wconf 91' lang='lat' dir='ltr'>etiarn</span> <span class='ocrx_word' id='word_1_226' title='bbox 445 2615 500 2700; x_wconf 90' lang='lat' dir='ltr'>qui</span> <span class='ocrx_word' id='word_1_227' title='bbox 515 2636 581 2678; x_wconf 94' lang='lat' dir='ltr'>non</span> <span class='ocrx_word' id='word_1_228' title='bbox 596 2616 699 2679; x_wconf 89' lang='lat' dir='ltr'>solum</span> <span class='ocrx_word' id='word_1_229' title='bbox 714 2619 883 2699; x_wconf 89' lang='lat' dir='ltr'>pratorum</span> <span class='ocrx_word' id='word_1_230' title='bbox 892 2637 989 2679; x_wconf 87' lang='lat' dir='ltr'>eausa</span> <span class='ocrx_word' id='word_1_231' title='bbox 1003 2614 1135 2696; x_wconf 86' lang='lat' dir='ltr'>habent,</span> 
     </span>
     <span class='ocr_line' id='line_1_29' title="bbox 120 2702 1136 2788; baseline 0.002 -22"><span class='ocrx_word' id='word_1_232' title='bbox 120 2708 253 2788; x_wconf 89' lang='lat' dir='ltr'>propter</span> <span class='ocrx_word' id='word_1_233' title='bbox 282 2710 414 2769; x_wconf 87' lang='lat' dir='ltr'>stercus.</span> <span class='ocrx_word' id='word_1_234' title='bbox 460 2703 498 2766; x_wconf 90' lang='lat' dir='ltr'>de</span> <span class='ocrx_word' id='word_1_235' title='bbox 526 2702 659 2768; x_wconf 87' lang='lat' dir='ltr'>canibus</span> <span class='ocrx_word' id='word_1_236' title='bbox 687 2726 765 2769; x_wconf 79' lang='lat' dir='ltr'>vero</span> <span class='ocrx_word' id='word_1_237' title='bbox 792 2703 919 2786; x_wconf 90' lang='lat' dir='ltr'>utique,</span> <span class='ocrx_word' id='word_1_238' title='bbox 947 2704 1032 2786; x_wconf 91' lang='lat' dir='ltr'>quod</span> <span class='ocrx_word' id='word_1_239' title='bbox 1056 2703 1136 2768; x_wconf 84' lang='lat' dir='ltr'>villa</span> 
     </span>
     <span class='ocr_line' id='line_1_30' title="bbox 121 2792 496 2875; baseline 0.003 -20"><span class='ocrx_word' id='word_1_240' title='bbox 121 2792 191 2856; x_wconf 88' lang='lat' dir='ltr'>sine</span> <span class='ocrx_word' id='word_1_241' title='bbox 213 2794 254 2856; x_wconf 88' lang='lat' dir='ltr'>iis</span> <span class='ocrx_word' id='word_1_242' title='bbox 278 2814 391 2875; x_wconf 90' lang='lat' dir='ltr'>parum</span> <span class='ocrx_word' id='word_1_243' title='bbox 415 2794 496 2856; x_wconf 89' lang='lat' dir='ltr'>tuta.</span> 
     </span>
    </p>
   </div>
   <div class='ocr_carea' id='block_1_3' title="bbox 120 2947 1135 3297">
    <p class='ocr_par' dir='ltr' id='par_1_6' title="bbox 120 2947 1135 3297">
     <span class='ocr_line' id='line_1_31' title="bbox 211 2947 1134 3020; baseline 0 -19"><span class='ocrx_word' id='word_1_244' title='bbox 211 2954 226 3001; x_wconf 89' lang='grc'>9</span> <span class='ocrx_word' id='word_1_245' title='bbox 246 2947 406 3002; x_wconf 83' lang='lat' dir='ltr'>inclinetis</span> <span class='ocrx_word' id='word_1_246' title='bbox 490 2952 522 3000; x_wconf 91' lang='lat'>10</span> <span class='ocrx_word' id='word_1_247' title='bbox 542 2947 566 3001; x_wconf 83' lang='lat' dir='ltr'>si</span> <span class='ocrx_word' id='word_1_248' title='bbox 584 2954 648 3002; x_wconf 80' lang='lat' dir='ltr'>ante</span> <span class='ocrx_word' id='word_1_249' title='bbox 666 2947 787 3003; x_wconf 84' lang='lat' dir='ltr'>Saserna</span> <span class='ocrx_word' id='word_1_250' title='bbox 809 2965 859 3002; x_wconf 87' lang='lat' dir='ltr'>om.</span> <span class='ocrx_word' id='word_1_251' title='bbox 943 2953 974 3000; x_wconf 86' lang='lat'>11</span> <span class='ocrx_word' id='word_1_252' title='bbox 995 2964 1066 3016; x_wconf 90' lang='lat' dir='ltr'>opus</span> <span class='ocrx_word' id='word_1_253' title='bbox 1086 2948 1134 3020; x_wconf 86' lang='lat' dir='ltr'>sit]</span> 
     </span>
     <span class='ocr_line' id='line_1_32' title="bbox 122 3017 1135 3088; baseline 0 -16"><span class='ocrx_word' id='word_1_254' title='bbox 122 3035 191 3086; x_wconf 90' lang='lat' dir='ltr'>opus</span> <span class='ocrx_word' id='word_1_255' title='bbox 210 3022 253 3072; x_wconf 89' lang='lat' dir='ltr'>est</span> <span class='ocrx_word' id='word_1_256' title='bbox 326 3023 359 3072; x_wconf 88' lang='grc'>16</span> <span class='ocrx_word' id='word_1_257' title='bbox 377 3033 505 3072; x_wconf 87' lang='lat' dir='ltr'>uomeres</span> <span class='ocrx_word' id='word_1_258' title='bbox 577 3025 612 3074; x_wconf 76' lang='lat'>20</span> <span class='ocrx_word' id='word_1_259' title='bbox 631 3017 713 3088; x_wconf 84' lang='lat' dir='ltr'>iugus</span> <span class='ocrx_word' id='word_1_260' title='bbox 732 3020 816 3073; x_wconf 92' lang='lat' dir='ltr'>boum</span> <span class='ocrx_word' id='word_1_261' title='bbox 875 3024 912 3073; x_wconf 24' lang='lat'>21⁴</span> <span class='ocrx_word' id='word_1_262' title='bbox 928 3018 1135 3073; x_wconf 85' lang='lat' dir='ltr'>molendarium</span> 
     </span>
     <span class='ocr_line' id='line_1_33' title="bbox 120 3089 1135 3158; baseline -0.002 -14"><span class='ocrx_word' id='word_1_263' title='bbox 120 3091 267 3158; x_wconf 82' lang='lat' dir='ltr'>posteriore</span> <span class='ocrx_word' id='word_1_264' title='bbox 286 3089 342 3143; x_wconf 84' lang='lat' dir='ltr'>loeo</span> <span class='ocrx_word' id='word_1_265' title='bbox 383 3093 416 3143; x_wconf 81' lang='lat'>23</span> <span class='ocrx_word' id='word_1_266' title='bbox 437 3090 518 3143; x_wconf 86' lang='lat' dir='ltr'>erunt</span> <span class='ocrx_word' id='word_1_267' title='bbox 536 3089 569 3142; x_wconf 91' lang='lat' dir='ltr'>ut</span> <span class='ocrx_word' id='word_1_268' title='bbox 588 3089 680 3144; x_wconf 85' lang='lat' dir='ltr'>solent</span> <span class='ocrx_word' id='word_1_269' title='bbox 698 3106 759 3143; x_wconf 88' lang='lat' dir='ltr'>esse</span> <span class='ocrx_word' id='word_1_270' title='bbox 800 3095 834 3143; x_wconf 78' lang='lat'>27</span> <span class='ocrx_word' id='word_1_271' title='bbox 854 3091 953 3144; x_wconf 86' lang='lat' dir='ltr'>curant</span> <span class='ocrx_word' id='word_1_272' title='bbox 971 3093 1080 3156; x_wconf 83' lang='lat' dir='ltr'>(curent</span> <span class='ocrx_word' id='word_1_273' title='bbox 1096 3089 1135 3158; x_wconf 90' lang='lat' dir='ltr'>V)</span> 
     </span>
     <span class='ocr_line' id='line_1_34' title="bbox 122 3159 1135 3230; baseline -0.001 -15"><span class='ocrx_word' id='word_1_274' title='bbox 122 3165 157 3215; x_wconf 81' lang='lat'>28</span> <span class='ocrx_word' id='word_1_275' title='bbox 175 3159 272 3228; x_wconf 87' lang='lat' dir='ltr'>utique</span> <span class='ocrx_word' id='word_1_276' title='bbox 292 3159 367 3227; x_wconf 90' lang='lat' dir='ltr'>quod</span> <span class='ocrx_word' id='word_1_277' title='bbox 386 3159 466 3229; x_wconf 88' lang='lat' dir='ltr'>(utile</span> <span class='ocrx_word' id='word_1_278' title='bbox 481 3159 556 3230; x_wconf 91' lang='lat' dir='ltr'>quod</span> <span class='ocrx_word' id='word_1_279' title='bbox 570 3160 641 3228; x_wconf 74' lang='lat' dir='ltr'>Pol,</span> <span class='ocrx_word' id='word_1_280' title='bbox 657 3160 755 3228; x_wconf 87' lang='lat' dir='ltr'>utique</span> <span class='ocrx_word' id='word_1_281' title='bbox 769 3159 844 3229; x_wconf 90' lang='lat' dir='ltr'>quod</span> <span class='ocrx_word' id='word_1_282' title='bbox 859 3161 925 3215; x_wconf 81' lang='lat' dir='ltr'>libri</span> <span class='ocrx_word' id='word_1_283' title='bbox 937 3176 1023 3214; x_wconf 82' lang='lat' dir='ltr'>mana</span> <span class='ocrx_word' id='word_1_284' title='bbox 1036 3162 1135 3229; x_wconf 72' lang='lat' dir='ltr'>serapti</span> 
     </span>
     <span class='ocr_line' id='line_1_35' title="bbox 123 3236 223 3297; baseline -0.02 -12"><span class='ocrx_word' id='word_1_285' title='bbox 123 3236 223 3297; x_wconf 81' lang='lat' dir='ltr'>omnes)</span> 
     </span>
    </p>
   </div>
   <div class='ocr_carea' id='block_1_4' title="bbox 122 3370 1135 3567">
    <p class='ocr_par' dir='ltr' id='par_1_7' title="bbox 122 3370 1135 3567">
     <span class='ocr_line' id='line_1_36' title="bbox 196 3370 1135 3442; baseline 0.003 -19"><span class='ocrx_word' id='word_1_286' title='bbox 196 3376 229 3424; x_wconf 90' lang='lat'>10</span> <span class='ocrx_word' id='word_1_287' title='bbox 246 3370 287 3424; x_wconf 87' lang='lat' dir='ltr'>ita</span> <span class='ocrx_word' id='word_1_288' title='bbox 310 3371 334 3426; x_wconf 89' lang='lat' dir='ltr'>si</span> <span class='ocrx_word' id='word_1_289' title='bbox 357 3371 476 3428; x_wconf 83' lang='lat' dir='ltr'>Saserna</span> <span class='ocrx_word' id='word_1_290' title='bbox 495 3373 564 3428; x_wconf 86' lang='lat' dir='ltr'>dicit</span> <span class='ocrx_word' id='word_1_291' title='bbox 577 3403 611 3412; x_wconf 90' lang='lat'>—</span> <span class='ocrx_word' id='word_1_292' title='bbox 626 3389 696 3442; x_wconf 89' lang='lat' dir='ltr'>opus</span> <span class='ocrx_word' id='word_1_293' title='bbox 715 3373 758 3426; x_wconf 81' lang='lat' dir='ltr'>est</span> <span class='ocrx_word' id='word_1_294' title='bbox 781 3371 962 3428; x_wconf 75' lang='lat' dir='ltr'>Schneidcrae</span> <span class='ocrx_word' id='word_1_295' title='bbox 1035 3377 1068 3427; x_wconf 81' lang='lat'>16</span> <span class='ocrx_word' id='word_1_296' title='bbox 1087 3388 1135 3427; x_wconf 87' lang='lat' dir='ltr'>vc-</span> 
     </span>
     <span class='ocr_line' id='line_1_37' title="bbox 122 3442 1134 3567; baseline 0 -70"><span class='ocrx_word' id='word_1_297' title='bbox 122 3442 358 3567; x_wconf 49' lang='lat' dir='ltr'>rpppteonrrmlp&#39;ouiue</span> <span class='ocrx_word' id='word_1_298' title='bbox 372 3460 401 3514; x_wconf 84' lang='lat' dir='ltr'>p.</span> <span class='ocrx_word' id='word_1_299' title='bbox 421 3449 459 3499; x_wconf 86' lang='lat'>80</span> <span class='ocrx_word' id='word_1_300' title='bbox 538 3449 572 3497; x_wconf 78' lang='lat'>20</span> <span class='ocrx_word' id='word_1_301' title='bbox 590 3443 687 3513; x_wconf 84' lang='lat' dir='ltr'>iugum</span> <span class='ocrx_word' id='word_1_302' title='bbox 705 3443 790 3499; x_wconf 92' lang='lat' dir='ltr'>boum</span> <span class='ocrx_word' id='word_1_303' title='bbox 807 3460 855 3498; x_wconf 84' lang='lat' dir='ltr'>mo</span> <span class='ocrx_word' id='word_1_304' title='bbox 932 3448 964 3496; x_wconf 81' lang='lat'>21</span> <span class='ocrx_word' id='word_1_305' title='bbox 985 3442 1134 3498; x_wconf 80' lang='lat' dir='ltr'>molarium</span> 
     </span>
    </p>
   </div>
   <div class='ocr_carea' id='block_1_5' title="bbox 0 0 1233 3938">
    <p class='ocr_par' dir='ltr' id='par_1_8' title="bbox 0 0 1233 3938">
     <span class='ocr_line' id='line_1_38' title="bbox 0 0 1233 3938; baseline 0 0"><span class='ocrx_word' id='word_1_306' title='bbox 0 0 1233 3938; x_wconf 95' lang='lat' dir='ltr'> </span> 
     </span>
    </p>
   </div>
  </div>
 </body>
</html>
