2452 3938
291 181 421 238 RERVM
439 181 675 240 RVSTIOARVM
693 183 760 239 LIB.
779 184 805 239 Il
824 191 839 239 2
1029 185 1071 252 85

58 325 244 392 admissura
266 327 304 391 fit
311 376 320 411 ,
347 326 459 393 eadem
481 350 566 412 aqua
588 329 637 393 uti
660 331 802 413 oportet,
833 330 918 413 quod
942 352 1072 397 conmu-

57 415 143 481 tatio
180 418 215 480 et
250 415 359 481 lanam
391 416 471 482 facit
502 418 625 482 variam
658 421 691 481 et
724 418 904 502 corrumpit
936 422 1072 488 uterum.

57 525 133 570 cum
152 525 265 570 omnes
285 510 508 589 conceperunt,
526 527 637 572 rursus
656 506 773 571 arietes
791 507 987 593 secernendi,
1006 510 1072 575 iarn

57 592 154 659 factis
176 592 410 678 praegnatibus
434 594 520 679 quod
543 599 620 659 sunt
641 594 781 673 molesti,
804 595 932 661 obsunt.
967 619 1072 681 neque

30 703 44 744 o
56 681 128 767 pati
151 685 280 775 oportet
306 683 448 748 minores
471 704 568 767 quam
592 682 696 748 bimas
720 683 825 767 saliri,
854 685 940 768 quod
967 707 1072 770 neque

56 773 174 836 natum
205 791 244 835 ex
276 770 328 836 his
359 771 511 836 idoneum
543 775 601 855 est,
633 792 738 856 neque
769 794 835 838 non
867 773 958 858 ipsae
990 775 1073 841 fiunt

57 859 251 944 deteriores3
286 863 319 926 et
350 880 417 925 non
449 858 598 926 meliores
632 882 729 945 quam
757 860 873 926 trimae
901 861 1071 930 admissae.

57 947 224 1013 deterrent
247 947 288 1013 ab
312 949 468 1034 saliendo,
492 949 552 1030 [et]
571 949 712 1015 fiscellas
732 971 749 1015 e
767 949 862 1017 iunco
881 951 984 1016 aliave
1007 974 1072 1037 qua

56 1058 92 1100 re
118 1035 204 1121 quod
232 1036 371 1122 alligant
398 1037 438 1103 ad
461 1040 628 1103 naturam:
668 1038 868 1106 commodius
891 1047 1071 1125 servantur,

17 1147 43 1188 ro
57 1125 88 1190 si
114 1127 255 1190 secretae
277 1129 426 1210 pascunt.

148 1211 189 1278 In
215 1215 388 1299 nutricatu,
418 1236 492 1282 cum
518 1237 632 1300 parere
660 1220 848 1302 coeperunt,
883 1218 1015 1304 inigunt
1036 1218 1122 1285 inlb

58 1301 203 1386 stabula,
236 1324 337 1389 eaque
368 1303 492 1370 habent
524 1305 565 1370 ad
597 1325 669 1370 eam
696 1326 765 1371 rem
793 1307 931 1390 seclusa,
961 1307 1071 1392 ibique

56 1395 138 1458 nata
165 1391 307 1458 recentia
334 1393 374 1458 ad
401 1394 511 1480 ignem
534 1414 636 1478 prope
657 1397 799 1478 ponunt,
826 1395 932 1478 quaed
955 1417 1071 1461 conva-

56 1483 198 1549 luerunt.
243 1480 377 1549 biduum
405 1485 462 1548 aut
488 1482 632 1546 triduum
660 1481 816 1565 retinent,
848 1481 924 1547 dum
955 1484 1070 1567 adcog-

17 1593 44 1637 rs
56 1575 198 1636 noscant
224 1574 363 1637 matrem
390 1571 468 1657 agni
499 1574 532 1635 et
553 1569 673 1656 pabulo
698 1591 731 1635 se
755 1573 912 1637 saturent.
956 1569 1071 1636 deinde

57 1664 180 1727 matres
208 1681 282 1726 cum
310 1681 410 1746 grege
432 1662 564 1745 pastum
590 1658 763 1744 prodeunt,
790 1659 932 1724 retinent
960 1679 1072 1744 agnos,

58 1749 100 1817 ad
124 1770 206 1834 quos
228 1770 301 1815 curn
323 1750 475 1816 reductae
498 1747 540 1813 ad
562 1769 749 1833 vesperum,
778 1748 910 1813 aluntur
932 1749 1015 1815 lacte
1039 1752 1071 1814 et

57 1859 172 1903 rursus
191 1837 424 1922 discernuntur,
441 1859 482 1903 ne
501 1842 601 1903 noctu
620 1861 640 1903 a
658 1837 816 1903 matribus
836 1838 1071 1905 conculcentur,

57 1926 123 1992 hoc
147 1926 225 1992 item
247 1926 371 1992 faciunt
393 1948 497 2010 mane,
520 1931 693 2011 antequam
716 1931 836 2014 matres
858 1927 893 1989 in
915 1926 1071 2010 pabulum

19 2037 45 2079 eo
60 2017 187 2095 exeant,
210 2019 246 2079 ut
268 2015 346 2099 agni
368 2016 478 2080 satulli
496 2015 579 2080 fiant
598 2016 692 2079 lacte.
728 2014 856 2080 circiter
874 2014 982 2078 decem
1002 2013 1069 2079 dies
1082 2021 1122 2079 16

59 2124 134 2170 cum
161 2105 411 2187 praeterierunt,
437 2103 531 2189 palos
561 2101 701 2187 offigunt
728 2105 761 2167 et
791 2103 831 2168 ad
855 2123 910 2166 eos
933 2103 1072 2189 alligant

58 2193 145 2258 libro
170 2195 228 2257 aut
249 2214 313 2276 qua
336 2193 402 2257 alia
418 2214 458 2268 re
480 2192 544 2257 levi
568 2191 739 2268 distantes,
767 2212 807 2255 ne
835 2193 905 2256 toto
929 2191 981 2257 die
1004 2213 1072 2257 cur·

58 2283 172 2346 santes
202 2281 289 2346 inter
317 2301 351 2345 se
380 2282 484 2346 teneri
512 2278 656 2345 delibent
687 2278 811 2364 aliquid
843 2280 1074 2345 membrorum.
1116 2324 1118 2327 -

59 2371 88 2434 si
112 2369 154 2434 ad
175 2369 290 2434 matris
309 2391 486 2434 mammam
503 2390 570 2435 non
589 2366 728 2445 accedet,
751 2366 923 2432 admovere
941 2371 1072 2452 oportet

18 2480 44 2523 25
59 2461 93 2522 et
116 2457 211 2523 labra
238 2458 316 2543 agni
345 2479 487 2544 unguere
510 2457 629 2522 buturo
654 2458 711 2520 aut
734 2455 827 2540 adipe
850 2455 948 2521 suilla
970 2460 1003 2520 et
1026 2456 1071 2521 ol-

57 2543 165 2612 facere
196 2546 290 2611 labra
320 2545 414 2612 lacte.
468 2546 580 2611 diebus
613 2548 687 2629 post
719 2545 831 2629 paucis
869 2544 993 2610 obicere
1029 2544 1071 2608 iis

56 2634 176 2700 viciam
192 2634 337 2700 molitam
361 2639 417 2699 aut
433 2633 569 2700 herbam
587 2637 743 2719 teneram,
762 2637 934 2788 aptequarn
954 2637 1072 2699 exeunt

56 2729 188 2808 pastum
212 2727 245 2788 et
268 2745 340 2788 cum
363 2727 572 2791 reverterunt.
608 2727 641 2788 et
664 2723 712 2788 sio
728 2745 773 2788 nu
789 2723 942 2807 ricantur,
966 2722 1125 2807 quaadli

57 2811 139 2876 facti
167 2815 243 2876 sunt
271 2811 532 2897 quadrimestres.
586 2812 710 2877 interea
741 2816 862 2877 matres
892 2833 1004 2876 eorum
1031 2812 1072 2876 iis

18 2921 43 2963 oo
57 2900 262 2984 temporibus
285 2921 351 2964 non
375 2902 522 2984 mulgent
544 2900 688 2985 quidam;
716 2901 771 2985 qui
793 2901 827 2965 id
850 2900 976 2984 melius,
1005 2923 1072 2966 om-

149 3089 254 3162 tiam]
273 3090 315 3145 ita
375 3091 632 3162 ‹lpraegnantibus
693 3096 725 3146 1³
743 3091 850 3159 ponant
904 3089 1072 3159 14au1]ad

59 3167 93 3216 15
114 3163 244 3216 saturant
313 3167 346 3216 18
365 3163 558 3217 discernentur
625 3167 659 3216 22
679 3163 821 3216 destantes
880 3167 913 3216 27
933 3158 1072 3230 teneram]

56 3231 196 3287 tenatiam
268 3239 303 3288 28
321 3232 427 3304 quoad]
447 3232 522 3302 quod
541 3232 577 3286 ad
650 3237 685 3285 30
704 3232 849 3299 mulgeant
918 3230 962 3302 id]
981 3230 1014 3284 ut

151 3398 184 3448 13
202 3392 344 3464 ponuntc
441 3397 475 3446 14
492 3390 609 3447 biduum
628 3393 679 3447 aut
696 3390 820 3445 triduum
838 3407 885 3446 mo
977 3393 1009 3443 15
1029 3404 1071 3441 sa-

57 3465 155 3519 turent
171 3481 219 3519 mv
324 3468 357 3518 18
376 3463 571 3518 discernuntur
589 3464 646 3519 cod.
668 3462 735 3518 Par.
826 3468 860 3517 27
879 3463 1006 3516 teneram
1023 3475 1072 3514 mc

57 3540 93 3590 30
111 3533 240 3605 mulgent
258 3534 405 3589 Iucundos
