2452 3938
311 175 441 231 RERVM
458 177 697 232 RVSTIOARVM
716 177 783 232 LlB.
799 177 812 231 Ι
828 183 932 234 18-20
1086 179 1129 244 39

151 305 152 309 ¹
201 318 310 405 Igitur
332 319 371 384 de
394 320 545 386 omnibus
574 321 825 406 quadripedibus
854 323 960 406 prima
983 327 1033 387 est
1055 346 1130 408 pro·
1140 338 1192 394 XX

114 408 212 491 batio,
232 409 289 492 qui
306 408 415 474 idonei
434 411 500 474 sint
518 411 627 494 boves,
646 411 701 494 qui
720 411 950 476 arandi-causa
971 416 1130 477 emuntur.

113 519 194 583 quos
213 497 303 562 rudis
321 520 425 582 nequa
440 499 580 564 minores
594 500 710 563 trimos
725 521 830 583 neque
845 501 985 565 maiores
1001 501 1130 585 quadri·

112 608 183 652 mos
212 586 405 669 parandum:
434 590 472 650 ut
498 588 622 652 viribus
651 588 779 672 magnis
803 589 869 652 sint
893 610 930 653 ac
952 611 1061 674 pares,
1088 611 1130 653 ne

90 676 145 740 sin
169 695 269 759 opere
291 674 415 740 firmior
437 675 670 740 inbecilliorem
694 676 857 741 conficiat:
885 677 1000 761 amplis
1024 678 1129 742 corni·

111 765 171 828 bus
201 765 236 826 et
262 763 348 846 nigri
374 763 484 847 potius
512 786 610 848 quam
638 764 732 828 aliter
754 768 791 828 ut
815 766 893 848 sint,
922 767 990 829 lata
1011 765 1129 849 fronte,

110 851 246 917 naribus
270 851 372 935 simis,
393 852 462 916 lato
486 857 625 935 pectore,
649 853 767 918 crassis
792 854 1028 918 coxendicibus.
1065 854 1158 920 hosi

109 944 284 1005 veteranos
302 961 342 1004 ex
362 942 599 1024 campestribus
618 942 699 1006 locis
718 963 786 1006 non
804 942 974 1007 emendum
994 943 1128 1007 indura

109 1051 148 1094 ae
167 1031 333 1112 montana,
352 1050 496 1094 necnon
514 1034 628 1095 contra
647 1031 675 1094 si
692 1030 813 1109 incidit,
832 1035 869 1095 ut
888 1032 931 1095 sit
950 1031 1128 1097 vitandum.

77 1141 99 1179 rc
111 1117 262 1182 novellos
286 1138 360 1181 cum
384 1118 456 1201 quis
480 1119 595 1182 emerit
617 1119 781 1202 iuvencos,
804 1120 832 1183 si
856 1141 967 1184 eorum
991 1120 1074 1185 colla
1093 1120 1128 1184 in

109 1206 219 1270 furcas
248 1204 420 1270 destitutas
448 1206 617 1272 incluserit
644 1229 681 1272 ac
709 1207 833 1272 dederit
859 1208 981 1292 cibum,
1014 1209 1126 1273 diebus

109 1294 222 1378 paucis
247 1298 346 1358 erunt
376 1297 536 1360 mansueti
564 1299 597 1360 et
625 1296 665 1359 ad
689 1295 882 1360 domandum
907 1297 1010 1380 proni.
1056 1301 1127 1361 tum

108 1383 158 1448 ita
186 1380 417 1467 subigendum,
445 1388 482 1448 ut
510 1384 697 1448 minutatim
726 1384 949 1450 adsuefaciunt
972 1388 1005 1449 et
1027 1389 1065 1448 ut
1087 1386 1127 1449 ti·

109 1492 225 1536 ronem
244 1491 316 1534 curn
335 1474 491 1537 veterano
511 1471 690 1554 adiungant
709 1469 882 1557 (imitando
897 1474 983 1537 enim
998 1473 1126 1537 facilius

75 1580 98 1622 15
110 1557 290 1644 domatur),
322 1563 355 1622 et
382 1561 523 1642 primum
555 1561 589 1624 in
617 1581 719 1643 aequo
748 1561 820 1625 loco
849 1564 883 1625 et
909 1561 979 1624 sine
1007 1564 1126 1644 aratro,

108 1652 182 1712 tum
216 1669 254 1712 eo
286 1648 363 1726 levi,
395 1648 555 1732 principio
587 1670 646 1732 per
673 1649 830 1713 harenam
858 1653 915 1714 aut
941 1649 1122 1714 molliorem

108 1739 241 1800 terram.
279 1757 360 1820 quos
379 1736 419 1800 ad
437 1742 595 1820 vecturas,
613 1738 692 1801 item
711 1738 946 1802 instituendum
964 1741 1003 1802 ut
1015 1737 1153 1803 inania3

108 1827 254 1910 primum
277 1825 398 1889 ducant
420 1826 567 1909 plaustra
590 1830 631 1910 et,
656 1826 683 1890 si
708 1827 829 1910 possis,
857 1849 916 1910 per
937 1827 1043 1892 vicum
1067 1831 1124 1892 aut

109 1912 281 1997 oppidum:
323 1914 434 1977 creber
461 1914 603 1998 crepitus
627 1937 665 1979 ac
692 1915 835 1979 varietas
858 1937 966 1980 rerum
990 1937 1123 1980 consue-

71 2002 224 2066 sotudine
247 2001 457 2066 celeberrima
480 2002 520 2066 ad
544 2003 719 2067 utilitatem
743 2003 881 2067 adducit.
925 2025 1029 2087 neque
1052 2025 1123 2086 per·

106 2090 268 2168 tinaciter,
287 2111 383 2174 quem
397 2089 512 2155 feceris
527 2091 685 2169 dextrum,
703 2091 737 2154 in
752 2113 789 2156 eo
808 2091 1012 2175 manendum,
1027 2091 1123 2176 quod,

108 2178 136 2242 si
165 2178 299 2243 alternis
322 2179 360 2242 fit
382 2180 523 2261 sinister,
546 2179 585 2242 fit
606 2179 771 2244 laboranti
795 2180 831 2243 in
854 2181 1013 2245 alterutra
1030 2185 1122 2264 parte

106 2267 245 2350 requies.
298 2266 355 2330 ubi
386 2273 473 2332 terra
505 2268 596 2349 levis,
618 2271 656 2330 ut
687 2268 722 2331 in
753 2265 945 2350 Campania,
978 2269 1024 2333 ibi
1055 2276 1152 2334 non4

107 2354 214 2419 bubus
235 2356 403 2440 gravibus,
432 2356 487 2420 sed
510 2356 616 2420 vaccis
640 2358 697 2419 aut
720 2355 818 2418 asinis
843 2356 928 2438 quod
952 2361 1058 2436 arant,
1082 2379 1119 2421 eo

66 2464 92 2505 as
105 2443 234 2508 facilius
258 2443 300 2508 ad
324 2448 467 2509 aratrum
492 2445 561 2508 leve
586 2442 700 2508 adduci
722 2447 871 2526 possunt,
897 2442 938 2506 ad
961 2445 1063 2508 molas
1088 2449 1121 2508 et
1211 2524 1213 2533 y

106 2531 148 2595 ad
171 2552 235 2610 ea,¹
251 2532 362 2615 siquae
390 2537 478 2617 sunt,
501 2554 589 2616 quae
616 2533 652 2596 in
679 2531 779 2597 fundo
808 2532 1040 2596 convehuntur.
1086 2533 1120 2596 in

106 2641 171 2704 qua
195 2642 230 2685 re
254 2621 311 2685 alii
336 2621 460 2703 asellis,
478 2621 534 2686 alii
552 2621 658 2685 vaccis
678 2642 716 2684 ac
733 2621 831 2684 mulis
843 2624 990 2703 utuntur,
1005 2621 1119 2685 exinde

104 2713 143 2773 ut
173 2709 287 2792 pabuli
321 2708 460 2774 facultas
493 2713 551 2773 est.
601 2732 678 2774 nam
710 2709 837 2773 facilius
869 2710 988 2774 asellus
1021 2732 1119 2794 quam

105 2817 205 2861 vacca
236 2798 346 2882 alitur3
379 2798 435 2862 sed
466 2798 663 2863 fructuosior
694 2797 782 2862 haec.
828 2799 861 2862 in
890 2820 928 2863 eo
957 2798 1148 2883 agricolaeb

61 2907 90 2947 so
103 2884 168 2950 hoc
192 2887 416 2970 spectandum,
444 2908 507 2970 quo
535 2886 669 2972 fastigio
697 2887 741 2950 sit
762 2886 892 2951 fundus.
937 2888 971 2951 in
996 2888 1119 2952 confra-

194 3048 211 3096 3
230 3041 345 3096 minoris
427 3041 541 3096 maioris
623 3047 639 3095 0
658 3041 734 3110 nigri
753 3061 773 3097 s.
793 3042 888 3111 potius
906 3041 1005 3111 (nigris
1023 3043 1117 3110 potius

108 3111 147 3180 V,
165 3112 240 3182 nigri
255 3132 285 3169 .s.
299 3113 393 3182 potius
408 3114 544 3167 nonnulla
555 3114 727 3183 apopropbc)
778 3119 793 3166 9
813 3130 870 3167 non
889 3114 997 3183 contra]
1015 3115 1118 3167 nontra

103 3188 140 3237 20
158 3182 357 3238 celeberrimae
434 3189 467 3237 22
488 3183 603 3237 alternis
621 3183 654 3237 fit
671 3184 798 3252 (alternis
817 3184 855 3238 sit
876 3181 908 3250 V,
945 3181 1060 3237 alterius
1080 3182 1118 3238 sit

102 3254 274 3396 cod.]Flor.)
346 3259 381 3308 24
399 3252 492 3308 naccis
511 3255 560 3308 aut
578 3253 664 3308 asinis
688 3254 793 3323 (uaccis
812 3257 841 3308 et
859 3253 945 3308 asinis
971 3253 1009 3322 V)
1082 3259 1117 3309 30

102 3342 159 3393 quo
190 3326 265 3393 quod

192 3454 209 3502 9
227 3465 357 3514 necnon,
377 3449 475 3502 contra
490 3448 514 3501 si
532 3447 632 3502 incidit
650 3450 683 3502 ut
702 3448 747 3516 sit,
765 3447 912 3503 vitandum
932 3447 1116 3512 Zablfeldtiua
1169 3465 1172 3473 ·

100 3525 206 3590 quaeat.
221 3522 282 3574 crit.
298 3536 328 3588 p.
342 3525 382 3576 29
454 3523 489 3573 20
508 3517 690 3573 celeberrima
708 3536 723 3573 c
797 3523 831 3572 30
850 3533 905 3586 quo
925 3517 1040 3586 fastigio
1058 3535 1075 3573 c
