<?xml version="1.0" encoding="UTF-8"?>
<!DOCTYPE html PUBLIC "-//W3C//DTD XHTML 1.0 Transitional//EN"
    "http://www.w3.org/TR/xhtml1/DTD/xhtml1-transitional.dtd">
<html xmlns="http://www.w3.org/1999/xhtml" xml:lang="en" lang="en">
 <head>
  <title>
</title>
<meta http-equiv="Content-Type" content="text/html;charset=utf-8" />
  <meta name='ocr-system' content='tesseract 3.04.00' />
  <meta name='ocr-capabilities' content='ocr_page ocr_carea ocr_par ocr_line ocrx_word'/>
</head>
<body>
  <div class='ocr_page' id='page_1' title='image "./mterentivarroni00keilgoog/mterentivarroni00keilgoog_0155.png"; bbox 0 0 2452 3938; ppageno 0'>
   <div class='ocr_carea' id='block_1_1' title="bbox 135 143 730 208">
    <p class='ocr_par' dir='ltr' id='par_1_1' title="bbox 135 143 730 208">
     <span class='ocr_line' id='line_1_1' title="bbox 135 143 730 208; baseline 0 -10"><span class='ocrx_word' id='word_1_1' title='bbox 135 144 199 208; x_wconf 83' lang='lat'><strong>140</strong></span> <span class='ocrx_word' id='word_1_2' title='bbox 542 143 730 199; x_wconf 82' lang='lat' dir='ltr'><strong>VARRONIS</strong></span> 
     </span>
    </p>
   </div>
   <div class='ocr_carea' id='block_1_2' title="bbox 67 287 1180 2943">
    <p class='ocr_par' dir='ltr' id='par_1_2' title="bbox 134 287 1176 816">
     <span class='ocr_line' id='line_1_2' title="bbox 134 287 1146 374; baseline 0.002 -22"><span class='ocrx_word' id='word_1_3' title='bbox 134 292 279 373; x_wconf 88' lang='lat' dir='ltr'><strong>pascunt.</strong></span> <span class='ocrx_word' id='word_1_4' title='bbox 325 288 380 372; x_wconf 90' lang='lat' dir='ltr'><strong>qui</strong></span> <span class='ocrx_word' id='word_1_5' title='bbox 403 289 450 353; x_wconf 91' lang='lat' dir='ltr'><strong>ita</strong></span> <span class='ocrx_word' id='word_1_6' title='bbox 474 288 662 373; x_wconf 73' lang='lat' dir='ltr'><strong>educantur,</strong></span> <span class='ocrx_word' id='word_1_7' title='bbox 693 287 827 353; x_wconf 85' lang='lat' dir='ltr'><strong>celerius</strong></span> <span class='ocrx_word' id='word_1_8' title='bbox 854 287 1045 374; x_wconf 79' lang='lat' dir='ltr'><strong>pinguiores</strong></span> <span class='ocrx_word' id='word_1_9' title='bbox 1067 289 1146 354; x_wconf 87' lang='lat' dir='ltr'><strong>fiunt</strong></span> 
     </span>
     <span class='ocr_line' id='line_1_3' title="bbox 135 376 1146 461; baseline 0.001 -20"><span class='ocrx_word' id='word_1_10' title='bbox 135 399 232 461; x_wconf 89' lang='lat' dir='ltr'><strong>quam</strong></span> <span class='ocrx_word' id='word_1_11' title='bbox 255 376 321 460; x_wconf 92' lang='lat' dir='ltr'><strong>alii,</strong></span> <span class='ocrx_word' id='word_1_12' title='bbox 345 380 378 441; x_wconf 91' lang='lat' dir='ltr'><strong>et</strong></span> <span class='ocrx_word' id='word_1_13' title='bbox 401 377 553 442; x_wconf 87' lang='lat' dir='ltr'><strong>candidae</strong></span> <span class='ocrx_word' id='word_1_14' title='bbox 576 378 659 441; x_wconf 92' lang='lat' dir='ltr'><strong>fiunt</strong></span> <span class='ocrx_word' id='word_1_15' title='bbox 681 380 834 460; x_wconf 87' lang='lat' dir='ltr'><strong>parentes</strong></span> <span class='ocrx_word' id='word_1_16' title='bbox 857 398 977 442; x_wconf 88' lang='lat' dir='ltr'><strong>eorum.</strong></span> <span class='ocrx_word' id='word_1_17' title='bbox 1014 377 1146 457; x_wconf 89' lang='lat' dir='ltr'><strong>Romae,</strong></span> 
     </span>
     <span class='ocr_line' id='line_1_4' title="bbox 135 465 1146 550; baseline 0 -20"><span class='ocrx_word' id='word_1_18' title='bbox 135 467 163 530; x_wconf 90' lang='lat' dir='ltr'><strong>si</strong></span> <span class='ocrx_word' id='word_1_19' title='bbox 192 468 267 530; x_wconf 91' lang='lat' dir='ltr'><strong>sunt</strong></span> <span class='ocrx_word' id='word_1_20' title='bbox 294 466 442 543; x_wconf 88' lang='lat' dir='ltr'><strong>formosi,</strong></span> <span class='ocrx_word' id='word_1_21' title='bbox 474 466 560 532; x_wconf 92' lang='lat' dir='ltr'><strong>bono</strong></span> <span class='ocrx_word' id='word_1_22' title='bbox 589 466 709 544; x_wconf 86' lang='lat' dir='ltr'><strong>colore,</strong></span> <span class='ocrx_word' id='word_1_23' title='bbox 741 465 875 550; x_wconf 78' lang='lat' dir='ltr'><strong>integri,</strong></span> <span class='ocrx_word' id='word_1_24' title='bbox 902 466 981 530; x_wconf 91' lang='lat' dir='ltr'><strong>boni</strong></span> <span class='ocrx_word' id='word_1_25' title='bbox 1010 466 1146 549; x_wconf 89' lang='lat' dir='ltr'><strong>seminis,</strong></span> 
     </span>
     <span class='ocr_line' id='line_1_5' title="bbox 134 554 1147 640; baseline 0.001 -22"><span class='ocrx_word' id='word_1_26' title='bbox 134 555 226 638; x_wconf 87' lang='lat' dir='ltr'><strong>paria</strong></span> <span class='ocrx_word' id='word_1_27' title='bbox 249 554 379 639; x_wconf 83' lang='lat' dir='ltr'><strong>singula</strong></span> <span class='ocrx_word' id='word_1_28' title='bbox 401 556 499 640; x_wconf 80' lang='lat' dir='ltr'><strong>uolgo</strong></span> <span class='ocrx_word' id='word_1_29' title='bbox 518 559 660 621; x_wconf 79' lang='lat' dir='ltr'><strong>veneunt</strong></span> <span class='ocrx_word' id='word_1_30' title='bbox 685 554 816 619; x_wconf 83' lang='lat' dir='ltr'>ducenis</span> <span class='ocrx_word' id='word_1_31' title='bbox 839 554 982 619; x_wconf 90' lang='lat' dir='ltr'><strong>nummis</strong></span> <span class='ocrx_word' id='word_1_32' title='bbox 1005 576 1147 620; x_wconf 92' lang='lat' dir='ltr'><strong>necnon</strong></span> 
     </span>
     <span class='ocr_line' id='line_1_6' title="bbox 135 642 1176 728; baseline -0.001 -22"><span class='ocrx_word' id='word_1_33' title='bbox 135 642 262 707; x_wconf 51' lang='lat' dir='ltr'><strong>eximia&gt;</strong></span> <span class='ocrx_word' id='word_1_34' title='bbox 279 643 415 728; x_wconf 84' lang='lat' dir='ltr'><strong>singulis</strong></span> <span class='ocrx_word' id='word_1_35' title='bbox 444 643 575 708; x_wconf 89' lang='lat' dir='ltr'><strong>milibus</strong></span> <span class='ocrx_word' id='word_1_36' title='bbox 602 665 778 708; x_wconf 90' lang='lat' dir='ltr'><strong>nummum.</strong></span> <span class='ocrx_word' id='word_1_37' title='bbox 830 664 910 726; x_wconf 89' lang='lat' dir='ltr'><strong>quas</strong></span> <span class='ocrx_word' id='word_1_38' title='bbox 932 664 1045 726; x_wconf 88' lang='lat' dir='ltr'><strong>nuper</strong></span> <span class='ocrx_word' id='word_1_39' title='bbox 1078 663 1176 709; x_wconf 77' lang='lat' dir='ltr'><strong>cums</strong></span> 
     </span>
     <span class='ocr_line' id='line_1_7' title="bbox 134 731 1147 816; baseline 0.002 -22"><span class='ocrx_word' id='word_1_40' title='bbox 134 734 294 797; x_wconf 86' lang='lat' dir='ltr'><strong>mercator</strong></span> <span class='ocrx_word' id='word_1_41' title='bbox 311 732 398 797; x_wconf 92' lang='lat' dir='ltr'><strong>tanti</strong></span> <span class='ocrx_word' id='word_1_42' title='bbox 417 753 521 797; x_wconf 87' lang='lat' dir='ltr'><strong>emere</strong></span> <span class='ocrx_word' id='word_1_43' title='bbox 540 732 640 797; x_wconf 84' lang='lat' dir='ltr'><strong>vellet</strong></span> <span class='ocrx_word' id='word_1_44' title='bbox 658 731 732 797; x_wconf 87' lang='lat' dir='ltr'><strong>aL.</strong></span> <span class='ocrx_word' id='word_1_45' title='bbox 752 731 845 815; x_wconf 77' lang='lat' dir='ltr'><strong>Axio,</strong></span> <span class='ocrx_word' id='word_1_46' title='bbox 864 732 972 816; x_wconf 91' lang='lat' dir='ltr'><strong>equite</strong></span> <span class='ocrx_word' id='word_1_47' title='bbox 992 731 1147 814; x_wconf 86' lang='lat' dir='ltr'><strong>Romano,</strong></span> 
     </span>
    </p>

    <p class='ocr_par' dir='ltr' id='par_1_3' title="bbox 84 819 1178 1879">
     <span class='ocr_line' id='line_1_8' title="bbox 84 819 1147 906; baseline 0.002 -23"><span class='ocrx_word' id='word_1_48' title='bbox 84 827 122 884; x_wconf 92' lang='lat'><strong>11</strong></span> <span class='ocrx_word' id='word_1_49' title='bbox 135 820 269 885; x_wconf 89' lang='lat' dir='ltr'><strong>minoris</strong></span> <span class='ocrx_word' id='word_1_50' title='bbox 285 821 532 906; x_wconf 76' lang='lat' dir='ltr'><strong>quadringentis</strong></span> <span class='ocrx_word' id='word_1_51' title='bbox 547 821 686 886; x_wconf 88' lang='lat' dir='ltr'><strong>denariis</strong></span> <span class='ocrx_word' id='word_1_52' title='bbox 701 820 852 884; x_wconf 89' lang='lat' dir='ltr'><strong>daturum</strong></span> <span class='ocrx_word' id='word_1_53' title='bbox 871 820 1014 904; x_wconf 82' lang='lat' dir='ltr'><strong>negavit</strong></span> <span class='ocrx_word' id='word_1_54' title='bbox 1037 819 1147 903; x_wconf 83' lang='lat' dir='ltr'><strong>Axius,</strong></span> 
     </span>
     <span class='ocr_line' id='line_1_9' title="bbox 135 905 1147 994; baseline 0 -22"><span class='ocrx_word' id='word_1_55' title='bbox 135 905 170 972; x_wconf 85' lang='lat' dir='ltr'><strong>Si</strong></span> <span class='ocrx_word' id='word_1_56' title='bbox 192 914 460 994; x_wconf 85' lang='lat' dir='ltr'><strong>possem&#39;emere,</strong></span> <span class='ocrx_word' id='word_1_57' title='bbox 482 910 596 994; x_wconf 90' lang='lat' dir='ltr'><strong>inquit,</strong></span> <span class='ocrx_word' id='word_1_58' title='bbox 618 909 820 994; x_wconf 87' lang='lat' dir='ltr'><strong>peristerona</strong></span> <span class='ocrx_word' id='word_1_59' title='bbox 836 909 969 993; x_wconf 87' lang='lat' dir='ltr'><strong>factum,</strong></span> <span class='ocrx_word' id='word_1_60' title='bbox 994 909 1147 993; x_wconf 87' lang='lat' dir='ltr'><strong>quemad</strong></span> 
     </span>
     <span class='ocr_line' id='line_1_10' title="bbox 134 997 1147 1082; baseline 0.001 -21"><span class='ocrx_word' id='word_1_61' title='bbox 134 997 278 1082; x_wconf 91' lang='lat' dir='ltr'><strong>modum,</strong></span> <span class='ocrx_word' id='word_1_62' title='bbox 305 998 340 1064; x_wconf 94' lang='lat' dir='ltr'><strong>in</strong></span> <span class='ocrx_word' id='word_1_63' title='bbox 369 999 501 1063; x_wconf 90' lang='lat' dir='ltr'><strong>aedibus</strong></span> <span class='ocrx_word' id='word_1_64' title='bbox 530 1020 602 1063; x_wconf 92' lang='lat' dir='ltr'><strong>cum</strong></span> <span class='ocrx_word' id='word_1_65' title='bbox 628 997 749 1062; x_wconf 87' lang='lat' dir='ltr'><strong>habere</strong></span> <span class='ocrx_word' id='word_1_66' title='bbox 775 998 910 1081; x_wconf 86' lang='lat' dir='ltr'><strong>vellem,</strong></span> <span class='ocrx_word' id='word_1_67' title='bbox 942 998 1008 1062; x_wconf 92' lang='lat' dir='ltr'><strong>emi</strong></span> <span class='ocrx_word' id='word_1_68' title='bbox 1036 997 1147 1062; x_wconf 88' lang='lat' dir='ltr'><strong>fictilia</strong></span> 
     </span>
     <span class='ocr_line' id='line_1_11' title="bbox 135 1086 1178 1171; baseline -0.002 -21"><span class='ocrx_word' id='word_1_69' title='bbox 135 1086 343 1170; x_wconf 88' lang='lat' dir='ltr'><strong>columbaria,</strong></span> <span class='ocrx_word' id='word_1_70' title='bbox 365 1088 431 1151; x_wconf 90' lang='lat' dir='ltr'><strong>iam</strong></span> <span class='ocrx_word' id='word_1_71' title='bbox 454 1088 551 1152; x_wconf 91' lang='lat' dir='ltr'><strong>issem</strong></span> <span class='ocrx_word' id='word_1_72' title='bbox 571 1090 717 1171; x_wconf 92' lang='lat' dir='ltr'><strong>emptum</strong></span> <span class='ocrx_word' id='word_1_73' title='bbox 737 1089 769 1151; x_wconf 90' lang='lat' dir='ltr'><strong>et</strong></span> <span class='ocrx_word' id='word_1_74' title='bbox 787 1087 948 1151; x_wconf 79' lang='lat' dir='ltr'><strong>misissem</strong></span> <span class='ocrx_word' id='word_1_75' title='bbox 967 1086 1178 1151; x_wconf 82' lang='lat' dir='ltr'><strong>advillam.1o</strong></span> 
     </span>
     <span class='ocr_line' id='line_1_12' title="bbox 135 1172 1147 1260; baseline 0 -22"><span class='ocrx_word' id='word_1_76' title='bbox 135 1172 236 1249; x_wconf 82' lang='lat' dir='ltr'><strong>Quasi</strong></span> <span class='ocrx_word' id='word_1_77' title='bbox 264 1197 354 1258; x_wconf 88' lang='lat' dir='ltr'><strong>vero,</strong></span> <span class='ocrx_word' id='word_1_78' title='bbox 384 1175 493 1260; x_wconf 91' lang='lat' dir='ltr'><strong>inquit</strong></span> <span class='ocrx_word' id='word_1_79' title='bbox 520 1177 614 1260; x_wconf 92' lang='lat' dir='ltr'><strong>Pica,</strong></span> <span class='ocrx_word' id='word_1_80' title='bbox 645 1197 712 1240; x_wconf 92' lang='lat' dir='ltr'><strong>non</strong></span> <span class='ocrx_word' id='word_1_81' title='bbox 743 1176 778 1239; x_wconf 89' lang='lat' dir='ltr'><strong>in</strong></span> <span class='ocrx_word' id='word_1_82' title='bbox 809 1175 890 1239; x_wconf 85' lang='lat' dir='ltr'><strong>urbe</strong></span> <span class='ocrx_word' id='word_1_83' title='bbox 922 1196 1052 1259; x_wconf 91' lang='lat' dir='ltr'><strong>quoque</strong></span> <span class='ocrx_word' id='word_1_84' title='bbox 1085 1175 1147 1239; x_wconf 89' lang='lat' dir='ltr'><strong>sint</strong></span> 
     </span>
     <span class='ocr_line' id='line_1_13' title="bbox 134 1262 1147 1350; baseline 0.003 -25"><span class='ocrx_word' id='word_1_85' title='bbox 134 1262 238 1326; x_wconf 90' lang='lat' dir='ltr'><strong>multi.</strong></span> <span class='ocrx_word' id='word_1_86' title='bbox 276 1284 318 1328; x_wconf 89' lang='lat' dir='ltr'><strong>an</strong></span> <span class='ocrx_word' id='word_1_87' title='bbox 340 1264 407 1329; x_wconf 91' lang='lat' dir='ltr'><strong>tibe</strong></span> <span class='ocrx_word' id='word_1_88' title='bbox 432 1264 631 1330; x_wconf 87' lang='lat' dir='ltr'><strong>columbaria</strong></span> <span class='ocrx_word' id='word_1_89' title='bbox 655 1265 710 1348; x_wconf 90' lang='lat' dir='ltr'><strong>qui</strong></span> <span class='ocrx_word' id='word_1_90' title='bbox 733 1264 767 1328; x_wconf 89' lang='lat' dir='ltr'><strong>in</strong></span> <span class='ocrx_word' id='word_1_91' title='bbox 790 1264 909 1350; x_wconf 83' lang='lat' dir='ltr'><strong>tegulis</strong></span> <span class='ocrx_word' id='word_1_92' title='bbox 928 1263 1064 1347; x_wconf 88' lang='lat' dir='ltr'><strong>habent,</strong></span> <span class='ocrx_word' id='word_1_93' title='bbox 1086 1285 1147 1328; x_wconf 92' lang='lat' dir='ltr'><strong>non</strong></span> 
     </span>
     <span class='ocr_line' id='line_1_14' title="bbox 134 1351 1146 1438; baseline 0.004 -24"><span class='ocrx_word' id='word_1_94' title='bbox 134 1351 284 1416; x_wconf 86' lang='lat' dir='ltr'><strong>videntur</strong></span> <span class='ocrx_word' id='word_1_95' title='bbox 310 1353 430 1418; x_wconf 87' lang='lat' dir='ltr'><strong>habere</strong></span> <span class='ocrx_word' id='word_1_96' title='bbox 457 1355 691 1438; x_wconf 87' lang='lat' dir='ltr'><strong>peristeronas,</strong></span> <span class='ocrx_word' id='word_1_97' title='bbox 724 1375 797 1418; x_wconf 86' lang='lat' dir='ltr'><strong>eum</strong></span> <span class='ocrx_word' id='word_1_98' title='bbox 822 1352 922 1435; x_wconf 82' lang='lat' dir='ltr'><strong>aliqui</strong></span> <span class='ocrx_word' id='word_1_99' title='bbox 950 1374 1051 1436; x_wconf 89' lang='lat' dir='ltr'><strong>supra</strong></span> <span class='ocrx_word' id='word_1_100' title='bbox 1080 1374 1146 1418; x_wconf 90' lang='lat' dir='ltr'><strong>cen·</strong></span> 
     </span>
     <span class='ocr_line' id='line_1_15' title="bbox 134 1441 1146 1526; baseline 0.001 -23"><span class='ocrx_word' id='word_1_101' title='bbox 134 1442 205 1504; x_wconf 90' lang='lat' dir='ltr'><strong>tum</strong></span> <span class='ocrx_word' id='word_1_102' title='bbox 228 1442 355 1507; x_wconf 89' lang='lat' dir='ltr'><strong>milium</strong></span> <span class='ocrx_word' id='word_1_103' title='bbox 375 1444 560 1508; x_wconf 70' lang='lat' dir='ltr'><strong>sestertium</strong></span> <span class='ocrx_word' id='word_1_104' title='bbox 578 1442 722 1507; x_wconf 82' lang='lat' dir='ltr'><strong>habeant</strong></span> <span class='ocrx_word' id='word_1_105' title='bbox 740 1441 1017 1507; x_wconf 79' lang='lat' dir='ltr'><strong>instrumentum?</strong></span> <span class='ocrx_word' id='word_1_106' title='bbox 1040 1463 1058 1506; x_wconf 89' lang='lat' dir='ltr'><strong>e</strong></span> <span class='ocrx_word' id='word_1_107' title='bbox 1079 1442 1146 1526; x_wconf 92' lang='lat' dir='ltr'><strong>quis</strong></span> 
     </span>
     <span class='ocr_line' id='line_1_16' title="bbox 135 1530 1177 1615; baseline -0.001 -23"><span class='ocrx_word' id='word_1_108' title='bbox 135 1530 271 1610; x_wconf 85' lang='lat' dir='ltr'><strong>alicuius</strong></span> <span class='ocrx_word' id='word_1_109' title='bbox 289 1535 395 1596; x_wconf 91' lang='lat' dir='ltr'><strong>totum</strong></span> <span class='ocrx_word' id='word_1_110' title='bbox 416 1554 504 1597; x_wconf 90' lang='lat' dir='ltr'><strong>emas</strong></span> <span class='ocrx_word' id='word_1_111' title='bbox 522 1552 646 1614; x_wconf 89' lang='lat' dir='ltr'><strong>censeo,</strong></span> <span class='ocrx_word' id='word_1_112' title='bbox 666 1535 699 1595; x_wconf 89' lang='lat' dir='ltr'><strong>et</strong></span> <span class='ocrx_word' id='word_1_113' title='bbox 713 1534 887 1615; x_wconf 89' lang='lat' dir='ltr'><strong>antequam</strong></span> <span class='ocrx_word' id='word_1_114' title='bbox 902 1530 1053 1595; x_wconf 87' lang='lat' dir='ltr'><strong>aedificas</strong></span> <span class='ocrx_word' id='word_1_115' title='bbox 1068 1551 1146 1614; x_wconf 89' lang='lat' dir='ltr'><strong>rure,</strong></span> <span class='ocrx_word' id='word_1_116' title='bbox 1158 1549 1177 1592; x_wconf 85' lang='lat' dir='ltr'><strong>u</strong></span> 
     </span>
     <span class='ocr_line' id='line_1_17' title="bbox 134 1619 1146 1704; baseline 0.003 -23"><span class='ocrx_word' id='word_1_117' title='bbox 134 1640 289 1704; x_wconf 87' lang='lat' dir='ltr'><strong>magnum</strong></span> <span class='ocrx_word' id='word_1_118' title='bbox 318 1620 485 1686; x_wconf 78' lang='lat' dir='ltr'><strong>condiscas</strong></span> <span class='ocrx_word' id='word_1_119' title='bbox 513 1621 567 1684; x_wconf 89' lang='lat' dir='ltr'><strong>hic</strong></span> <span class='ocrx_word' id='word_1_120' title='bbox 593 1620 629 1684; x_wconf 88' lang='lat' dir='ltr'><strong>in</strong></span> <span class='ocrx_word' id='word_1_121' title='bbox 652 1620 731 1684; x_wconf 90' lang='lat' dir='ltr'><strong>urbe</strong></span> <span class='ocrx_word' id='word_1_122' title='bbox 754 1619 870 1684; x_wconf 88' lang='lat' dir='ltr'><strong>cotidie</strong></span> <span class='ocrx_word' id='word_1_123' title='bbox 892 1621 1020 1684; x_wconf 90' lang='lat' dir='ltr'><strong>lucrum</strong></span> <span class='ocrx_word' id='word_1_124' title='bbox 1044 1641 1146 1684; x_wconf 88' lang='lat' dir='ltr'><strong>assem</strong></span> 
     </span>
     <span class='ocr_line' id='line_1_18' title="bbox 135 1707 1146 1794; baseline 0.002 -24"><span class='ocrx_word' id='word_1_125' title='bbox 135 1709 302 1774; x_wconf 88' lang='lat' dir='ltr'><strong>semissem</strong></span> <span class='ocrx_word' id='word_1_126' title='bbox 331 1710 468 1774; x_wconf 91' lang='lat' dir='ltr'><strong>condere</strong></span> <span class='ocrx_word' id='word_1_127' title='bbox 495 1709 531 1772; x_wconf 91' lang='lat' dir='ltr'><strong>in</strong></span> <span class='ocrx_word' id='word_1_128' title='bbox 558 1709 692 1774; x_wconf 87' lang='lat' dir='ltr'><strong>loculos.</strong></span> <span class='ocrx_word' id='word_1_129' title='bbox 736 1711 787 1791; x_wconf 91' lang='lat' dir='ltr'><strong>tu,</strong></span> <span class='ocrx_word' id='word_1_130' title='bbox 809 1707 949 1793; x_wconf 88' lang='lat' dir='ltr'><strong>Merula,</strong></span> <span class='ocrx_word' id='word_1_131' title='bbox 980 1707 1027 1773; x_wconf 87' lang='lat' dir='ltr'><strong>sic</strong></span> <span class='ocrx_word' id='word_1_132' title='bbox 1050 1729 1146 1794; x_wconf 82' lang='lat' dir='ltr'><strong>perge</strong></span> 
     </span>
     <span class='ocr_line' id='line_1_19' title="bbox 135 1795 333 1879; baseline 0.005 -20"><span class='ocrx_word' id='word_1_133' title='bbox 135 1795 294 1879; x_wconf 88' lang='lat' dir='ltr'><strong>deinceps.</strong></span> <span class='ocrx_word' id='word_1_134' title='bbox 328 1820 333 1829; x_wconf 72' lang='lat'><strong><em>¹</em></strong></span> 
     </span>
    </p>

    <p class='ocr_par' dir='ltr' id='par_1_4' title="bbox 67 1884 1180 2943">
     <span class='ocr_line' id='line_1_20' title="bbox 67 1884 1147 1970; baseline 0.001 -21"><span class='ocrx_word' id='word_1_135' title='bbox 67 1893 133 1949; x_wconf 86' lang='lat' dir='ltr'><strong>VllI</strong></span> <span class='ocrx_word' id='word_1_136' title='bbox 223 1884 292 1968; x_wconf 90' lang='lat' dir='ltr'><strong>Ille,</strong></span> <span class='ocrx_word' id='word_1_137' title='bbox 310 1884 504 1950; x_wconf 82' lang='lat' dir='ltr'><strong>Turturibus</strong></span> <span class='ocrx_word' id='word_1_138' title='bbox 523 1885 610 1969; x_wconf 91' lang='lat' dir='ltr'><strong>item,</strong></span> <span class='ocrx_word' id='word_1_139' title='bbox 629 1885 744 1970; x_wconf 91' lang='lat' dir='ltr'><strong>inquit,</strong></span> <span class='ocrx_word' id='word_1_140' title='bbox 762 1885 870 1950; x_wconf 91' lang='lat' dir='ltr'><strong>locum</strong></span> <span class='ocrx_word' id='word_1_141' title='bbox 887 1884 1147 1950; x_wconf 86' lang='lat' dir='ltr'><strong>constituendum</strong></span> 
     </span>
     <span class='ocr_line' id='line_1_21' title="bbox 134 1973 1178 2059; baseline -0.001 -23"><span class='ocrx_word' id='word_1_142' title='bbox 134 1973 268 2055; x_wconf 89' lang='lat' dir='ltr'><strong>proinde</strong></span> <span class='ocrx_word' id='word_1_143' title='bbox 287 1994 450 2059; x_wconf 81' lang='lat' dir='ltr'><strong>magnum,</strong></span> <span class='ocrx_word' id='word_1_144' title='bbox 469 1995 506 2038; x_wconf 91' lang='lat' dir='ltr'><strong>ao</strong></span> <span class='ocrx_word' id='word_1_145' title='bbox 525 1974 767 2039; x_wconf 88' lang='lat' dir='ltr'><strong>multitudinem</strong></span> <span class='ocrx_word' id='word_1_146' title='bbox 786 1974 871 2038; x_wconf 88' lang='lat' dir='ltr'><strong>alere</strong></span> <span class='ocrx_word' id='word_1_147' title='bbox 890 1973 983 2057; x_wconf 70' lang='lat' dir='ltr'><strong>velis,</strong></span> <span class='ocrx_word' id='word_1_148' title='bbox 1013 1995 1146 2059; x_wconf 91' lang='lat' dir='ltr'><strong>eumque</strong></span> <span class='ocrx_word' id='word_1_149' title='bbox 1158 1994 1178 2035; x_wconf 78' lang='lat' dir='ltr'><strong>a</strong></span> 
     </span>
     <span class='ocr_line' id='line_1_22' title="bbox 134 2061 1147 2146; baseline 0.003 -21"><span class='ocrx_word' id='word_1_150' title='bbox 134 2063 213 2126; x_wconf 83' lang='lat' dir='ltr'><strong>item</strong></span> <span class='ocrx_word' id='word_1_151' title='bbox 236 2066 273 2127; x_wconf 91' lang='lat' dir='ltr'><strong>ut</strong></span> <span class='ocrx_word' id='word_1_152' title='bbox 297 2061 335 2127; x_wconf 89' lang='lat' dir='ltr'><strong>de</strong></span> <span class='ocrx_word' id='word_1_153' title='bbox 359 2062 518 2127; x_wconf 90' lang='lat' dir='ltr'><strong>columbis</strong></span> <span class='ocrx_word' id='word_1_154' title='bbox 542 2063 662 2128; x_wconf 88' lang='lat' dir='ltr'><strong>dictum</strong></span> <span class='ocrx_word' id='word_1_155' title='bbox 687 2066 745 2146; x_wconf 89' lang='lat' dir='ltr'><strong>est,</strong></span> <span class='ocrx_word' id='word_1_156' title='bbox 768 2067 805 2127; x_wconf 86' lang='lat' dir='ltr'><strong>ut</strong></span> <span class='ocrx_word' id='word_1_157' title='bbox 826 2061 947 2126; x_wconf 85' lang='lat' dir='ltr'><strong>habeat</strong></span> <span class='ocrx_word' id='word_1_158' title='bbox 969 2063 1095 2128; x_wconf 89' lang='lat' dir='ltr'><strong>ostium</strong></span> <span class='ocrx_word' id='word_1_159' title='bbox 1113 2084 1147 2128; x_wconf 87' lang='lat' dir='ltr'><strong>ae</strong></span> 
     </span>
     <span class='ocr_line' id='line_1_23' title="bbox 134 2148 1147 2235; baseline 0.003 -22"><span class='ocrx_word' id='word_1_160' title='bbox 134 2148 295 2215; x_wconf 86' lang='lat' dir='ltr'><strong>fenestras</strong></span> <span class='ocrx_word' id='word_1_161' title='bbox 328 2154 361 2214; x_wconf 89' lang='lat' dir='ltr'><strong>et</strong></span> <span class='ocrx_word' id='word_1_162' title='bbox 393 2173 511 2235; x_wconf 90' lang='lat' dir='ltr'><strong>aquam</strong></span> <span class='ocrx_word' id='word_1_163' title='bbox 544 2174 658 2235; x_wconf 88' lang='lat' dir='ltr'><strong>puram</strong></span> <span class='ocrx_word' id='word_1_164' title='bbox 691 2173 728 2216; x_wconf 87' lang='lat' dir='ltr'><strong>ac</strong></span> <span class='ocrx_word' id='word_1_165' title='bbox 760 2151 900 2234; x_wconf 87' lang='lat' dir='ltr'><strong>parietes</strong></span> <span class='ocrx_word' id='word_1_166' title='bbox 933 2171 970 2215; x_wconf 91' lang='lat' dir='ltr'><strong>ac</strong></span> <span class='ocrx_word' id='word_1_167' title='bbox 1003 2173 1147 2217; x_wconf 87' lang='lat' dir='ltr'><strong>camaras</strong></span> 
     </span>
     <span class='ocr_line' id='line_1_24' title="bbox 134 2239 1148 2324; baseline 0.005 -24"><span class='ocrx_word' id='word_1_168' title='bbox 134 2239 278 2303; x_wconf 88' lang='lat' dir='ltr'><strong>munitas</strong></span> <span class='ocrx_word' id='word_1_169' title='bbox 302 2240 452 2322; x_wconf 75' lang='lat' dir='ltr'><strong>tectoria,</strong></span> <span class='ocrx_word' id='word_1_170' title='bbox 480 2239 537 2304; x_wconf 90' lang='lat' dir='ltr'><strong>sed</strong></span> <span class='ocrx_word' id='word_1_171' title='bbox 558 2261 618 2324; x_wconf 90' lang='lat' dir='ltr'><strong>pro</strong></span> <span class='ocrx_word' id='word_1_172' title='bbox 642 2239 852 2305; x_wconf 89' lang='lat' dir='ltr'><strong>columbariis</strong></span> <span class='ocrx_word' id='word_1_173' title='bbox 875 2239 910 2303; x_wconf 91' lang='lat' dir='ltr'><strong>in</strong></span> <span class='ocrx_word' id='word_1_174' title='bbox 931 2239 1058 2322; x_wconf 87' lang='lat' dir='ltr'><strong>pariete</strong></span> <span class='ocrx_word' id='word_1_175' title='bbox 1082 2263 1148 2305; x_wconf 92' lang='lat' dir='ltr'><strong>mu·</strong></span> 
     </span>
     <span class='ocr_line' id='line_1_25' title="bbox 134 2327 1147 2412; baseline 0.003 -22"><span class='ocrx_word' id='word_1_176' title='bbox 134 2327 221 2393; x_wconf 88' lang='lat' dir='ltr'><strong>tulos</strong></span> <span class='ocrx_word' id='word_1_177' title='bbox 252 2330 310 2392; x_wconf 86' lang='lat' dir='ltr'><strong>aut</strong></span> <span class='ocrx_word' id='word_1_178' title='bbox 337 2328 430 2411; x_wconf 88' lang='lat' dir='ltr'><strong>palos</strong></span> <span class='ocrx_word' id='word_1_179' title='bbox 458 2328 493 2392; x_wconf 91' lang='lat' dir='ltr'><strong>in</strong></span> <span class='ocrx_word' id='word_1_180' title='bbox 521 2329 680 2410; x_wconf 87' lang='lat' dir='ltr'><strong>ordinem,</strong></span> <span class='ocrx_word' id='word_1_181' title='bbox 713 2350 811 2411; x_wconf 88' lang='lat' dir='ltr'><strong>supra</strong></span> <span class='ocrx_word' id='word_1_182' title='bbox 838 2349 920 2411; x_wconf 87' lang='lat' dir='ltr'><strong>quos</strong></span> <span class='ocrx_word' id='word_1_183' title='bbox 952 2329 1147 2412; x_wconf 83' lang='lat' dir='ltr'><strong>tegeticulas</strong></span> 
     </span>
     <span class='ocr_line' id='line_1_26' title="bbox 134 2416 1180 2501; baseline -0.002 -21"><span class='ocrx_word' id='word_1_184' title='bbox 134 2416 334 2481; x_wconf 81' lang='lat' dir='ltr'><strong>cannabinas</strong></span> <span class='ocrx_word' id='word_1_185' title='bbox 363 2417 429 2480; x_wconf 89' lang='lat' dir='ltr'><strong>siut</strong></span> <span class='ocrx_word' id='word_1_186' title='bbox 456 2417 626 2501; x_wconf 90' lang='lat' dir='ltr'><strong>inpositae.</strong></span> <span class='ocrx_word' id='word_1_187' title='bbox 671 2416 820 2481; x_wconf 92' lang='lat' dir='ltr'><strong>infimum</strong></span> <span class='ocrx_word' id='word_1_188' title='bbox 850 2416 994 2481; x_wconf 89' lang='lat' dir='ltr'><strong>ordinem</strong></span> <span class='ocrx_word' id='word_1_189' title='bbox 1019 2421 1180 2500; x_wconf 81' lang='lat' dir='ltr'><strong>oportetu</strong></span> 
     </span>
     <span class='ocr_line' id='line_1_27' title="bbox 134 2504 1147 2590; baseline 0.004 -23"><span class='ocrx_word' id='word_1_190' title='bbox 134 2505 247 2570; x_wconf 90' lang='lat' dir='ltr'><strong>abesse</strong></span> <span class='ocrx_word' id='word_1_191' title='bbox 277 2527 296 2568; x_wconf 87' lang='lat' dir='ltr'><strong>a</strong></span> <span class='ocrx_word' id='word_1_192' title='bbox 322 2507 410 2568; x_wconf 88' lang='lat' dir='ltr'><strong>terra</strong></span> <span class='ocrx_word' id='word_1_193' title='bbox 438 2526 504 2570; x_wconf 88' lang='lat' dir='ltr'><strong>non</strong></span> <span class='ocrx_word' id='word_1_194' title='bbox 531 2506 639 2570; x_wconf 90' lang='lat' dir='ltr'><strong>minus</strong></span> <span class='ocrx_word' id='word_1_195' title='bbox 666 2508 733 2570; x_wconf 88' lang='lat' dir='ltr'><strong>tres</strong></span> <span class='ocrx_word' id='word_1_196' title='bbox 756 2504 868 2590; x_wconf 89' lang='lat' dir='ltr'><strong>pedes,</strong></span> <span class='ocrx_word' id='word_1_197' title='bbox 897 2505 984 2568; x_wconf 88' lang='lat' dir='ltr'><strong>inter</strong></span> <span class='ocrx_word' id='word_1_198' title='bbox 1006 2507 1147 2590; x_wconf 88' lang='lat' dir='ltr'><strong>reliquos</strong></span> 
     </span>
     <span class='ocr_line' id='line_1_28' title="bbox 133 2582 1148 2678; baseline 0.002 -22"><span class='ocrx_word' id='word_1_199' title='bbox 133 2592 322 2677; x_wconf 85' lang='lat' dir='ltr'><strong>dodrantes,</strong></span> <span class='ocrx_word' id='word_1_200' title='bbox 360 2616 379 2658; x_wconf 89' lang='lat' dir='ltr'><strong>a</strong></span> <span class='ocrx_word' id='word_1_201' title='bbox 412 2615 537 2658; x_wconf 86' lang='lat' dir='ltr'><strong>summo</strong></span> <span class='ocrx_word' id='word_1_202' title='bbox 571 2594 611 2658; x_wconf 90' lang='lat' dir='ltr'><strong>ad</strong></span> <span class='ocrx_word' id='word_1_203' title='bbox 644 2615 808 2658; x_wconf 86' lang='lat' dir='ltr'><strong>camaram</strong></span> <span class='ocrx_word' id='word_1_204' title='bbox 821 2582 909 2674; x_wconf 55' lang='lat' dir='ltr'><strong>⁸[ad]</strong></span> <span class='ocrx_word' id='word_1_205' title='bbox 942 2593 1148 2678; x_wconf 86' lang='lat' dir='ltr'><strong>semipedem,</strong></span> 
     </span>
     <span class='ocr_line' id='line_1_29' title="bbox 134 2682 1147 2767; baseline 0.002 -23"><span class='ocrx_word' id='word_1_206' title='bbox 134 2702 235 2765; x_wconf 88' lang='lat' dir='ltr'><strong>aeque</strong></span> <span class='ocrx_word' id='word_1_207' title='bbox 262 2682 366 2745; x_wconf 88' lang='lat' dir='ltr'><strong>latum</strong></span> <span class='ocrx_word' id='word_1_208' title='bbox 397 2703 434 2746; x_wconf 89' lang='lat' dir='ltr'><strong>ac</strong></span> <span class='ocrx_word' id='word_1_209' title='bbox 458 2683 601 2747; x_wconf 90' lang='lat' dir='ltr'><strong>mutulus</strong></span> <span class='ocrx_word' id='word_1_210' title='bbox 629 2704 649 2746; x_wconf 88' lang='lat' dir='ltr'><strong>a</strong></span> <span class='ocrx_word' id='word_1_211' title='bbox 675 2684 798 2765; x_wconf 85' lang='lat' dir='ltr'><strong>pariete</strong></span> <span class='ocrx_word' id='word_1_212' title='bbox 826 2685 937 2746; x_wconf 87' lang='lat' dir='ltr'><strong>extare</strong></span> <span class='ocrx_word' id='word_1_213' title='bbox 960 2686 1089 2767; x_wconf 90' lang='lat' dir='ltr'><strong>potest,</strong></span> <span class='ocrx_word' id='word_1_214' title='bbox 1116 2684 1147 2746; x_wconf 91' lang='lat' dir='ltr'><strong>in</strong></span> 
     </span>
     <span class='ocr_line' id='line_1_30' title="bbox 134 2769 1147 2855; baseline 0.003 -23"><span class='ocrx_word' id='word_1_215' title='bbox 134 2769 251 2854; x_wconf 91' lang='lat' dir='ltr'><strong>quibus</strong></span> <span class='ocrx_word' id='word_1_216' title='bbox 284 2769 352 2833; x_wconf 89' lang='lat' dir='ltr'><strong>dies</strong></span> <span class='ocrx_word' id='word_1_217' title='bbox 384 2774 559 2855; x_wconf 86' lang='lat' dir='ltr'><strong>noctesque</strong></span> <span class='ocrx_word' id='word_1_218' title='bbox 590 2774 775 2854; x_wconf 88' lang='lat' dir='ltr'><strong>pascuntur.</strong></span> <span class='ocrx_word' id='word_1_219' title='bbox 826 2770 946 2835; x_wconf 83' lang='lat' dir='ltr'><strong>cibatui</strong></span> <span class='ocrx_word' id='word_1_220' title='bbox 979 2771 1065 2855; x_wconf 92' lang='lat' dir='ltr'><strong>quod</strong></span> <span class='ocrx_word' id='word_1_221' title='bbox 1099 2772 1147 2852; x_wconf 87' lang='lat' dir='ltr'><strong>sit,</strong></span> 
     </span>
     <span class='ocr_line' id='line_1_31' title="bbox 134 2857 1179 2943; baseline -0.004 -21"><span class='ocrx_word' id='word_1_222' title='bbox 134 2857 279 2922; x_wconf 89' lang='lat' dir='ltr'><strong>obiciunt</strong></span> <span class='ocrx_word' id='word_1_223' title='bbox 302 2858 446 2922; x_wconf 89' lang='lat' dir='ltr'><strong>triticum</strong></span> <span class='ocrx_word' id='word_1_224' title='bbox 470 2859 600 2943; x_wconf 90' lang='lat' dir='ltr'><strong>siccum,</strong></span> <span class='ocrx_word' id='word_1_225' title='bbox 623 2859 658 2923; x_wconf 89' lang='lat' dir='ltr'><strong>in</strong></span> <span class='ocrx_word' id='word_1_226' title='bbox 680 2863 834 2924; x_wconf 86' lang='lat' dir='ltr'><strong>centenos</strong></span> <span class='ocrx_word' id='word_1_227' title='bbox 857 2860 985 2924; x_wconf 85' lang='lat' dir='ltr'><strong>vicenos</strong></span> <span class='ocrx_word' id='word_1_228' title='bbox 1005 2863 1179 2924; x_wconf 82' lang='lat' dir='ltr'><strong>turturesso</strong></span> 
     </span>
    </p>
   </div>
   <div class='ocr_carea' id='block_1_3' title="bbox 133 3030 1147 3246">
    <p class='ocr_par' dir='ltr' id='par_1_5' title="bbox 133 3030 1147 3246">
     <span class='ocr_line' id='line_1_32' title="bbox 224 3030 1147 3102; baseline 0.004 -18"><span class='ocrx_word' id='word_1_229' title='bbox 224 3036 257 3085; x_wconf 89' lang='lat'><strong>10</strong></span> <span class='ocrx_word' id='word_1_230' title='bbox 276 3032 306 3086; x_wconf 88' lang='lat' dir='ltr'><strong>st</strong></span> <span class='ocrx_word' id='word_1_231' title='bbox 323 3031 473 3102; x_wconf 86' lang='lat' dir='ltr'><strong>misissem]</strong></span> <span class='ocrx_word' id='word_1_232' title='bbox 495 3032 624 3088; x_wconf 89' lang='lat' dir='ltr'><strong>emissem</strong></span> <span class='ocrx_word' id='word_1_233' title='bbox 698 3039 731 3087; x_wconf 74' lang='lat'><strong>12</strong></span> <span class='ocrx_word' id='word_1_234' title='bbox 751 3030 906 3087; x_wconf 88' lang='lat' dir='ltr'><strong>columbari</strong></span> <span class='ocrx_word' id='word_1_235' title='bbox 925 3034 1076 3101; x_wconf 76' lang='lat' dir='ltr'><strong>posteriorc</strong></span> <span class='ocrx_word' id='word_1_236' title='bbox 1094 3035 1147 3089; x_wconf 85' lang='lat' dir='ltr'><strong>loco</strong></span> 
     </span>
     <span class='ocr_line' id='line_1_33' title="bbox 133 3102 1146 3172; baseline 0.002 -15"><span class='ocrx_word' id='word_1_237' title='bbox 133 3102 338 3170; x_wconf 87' lang='lat' dir='ltr'><strong>(columbarum</strong></span> <span class='ocrx_word' id='word_1_238' title='bbox 377 3104 434 3158; x_wconf 83' lang='lat' dir='ltr'><strong>cod.</strong></span> <span class='ocrx_word' id='word_1_239' title='bbox 467 3103 550 3171; x_wconf 76' lang='lat' dir='ltr'><strong>Paa,</strong></span> <span class='ocrx_word' id='word_1_240' title='bbox 590 3103 761 3158; x_wconf 83' lang='lat' dir='ltr'><strong>columbario</strong></span> <span class='ocrx_word' id='word_1_241' title='bbox 793 3105 954 3172; x_wconf 60' lang='lat' dir='ltr'><strong>apographa</strong></span> <span class='ocrx_word' id='word_1_242' title='bbox 984 3105 1146 3172; x_wconf 75' lang='lat' dir='ltr'><strong>recentiora)</strong></span> 
     </span>
     <span class='ocr_line' id='line_1_34' title="bbox 134 3173 1147 3246; baseline 0.003 -20"><span class='ocrx_word' id='word_1_243' title='bbox 134 3179 167 3227; x_wconf 88' lang='lat'><strong>13</strong></span> <span class='ocrx_word' id='word_1_244' title='bbox 186 3173 301 3241; x_wconf 89' lang='lat' dir='ltr'><strong>aliquod</strong></span> <span class='ocrx_word' id='word_1_245' title='bbox 374 3179 406 3228; x_wconf 82' lang='grc'><strong>11</strong></span> <span class='ocrx_word' id='word_1_246' title='bbox 426 3175 468 3242; x_wconf 88' lang='lat' dir='ltr'><strong>tu]</strong></span> <span class='ocrx_word' id='word_1_247' title='bbox 488 3177 549 3227; x_wconf 90' lang='lat' dir='ltr'><strong>tum</strong></span> <span class='ocrx_word' id='word_1_248' title='bbox 613 3179 648 3228; x_wconf 80' lang='lat'><strong>23</strong></span> <span class='ocrx_word' id='word_1_249' title='bbox 667 3173 801 3246; x_wconf 86' lang='lat' dir='ltr'><strong>mutulos]</strong></span> <span class='ocrx_word' id='word_1_250' title='bbox 820 3176 925 3229; x_wconf 90' lang='lat' dir='ltr'><strong>multos</strong></span> <span class='ocrx_word' id='word_1_251' title='bbox 993 3180 1028 3229; x_wconf 80' lang='lat'><strong>25</strong></span> <span class='ocrx_word' id='word_1_252' title='bbox 1047 3190 1147 3229; x_wconf 83' lang='lat' dir='ltr'><strong>canna·</strong></span> 
     </span>
    </p>
   </div>
   <div class='ocr_carea' id='block_1_4' title="bbox 132 3242 835 3317">
    <p class='ocr_par' dir='ltr' id='par_1_6' title="bbox 132 3242 835 3317">
     <span class='ocr_line' id='line_1_35' title="bbox 132 3242 835 3317; baseline 0.004 -20"><span class='ocrx_word' id='word_1_253' title='bbox 132 3242 216 3297; x_wconf 90' lang='lat' dir='ltr'><strong>binae</strong></span> <span class='ocrx_word' id='word_1_254' title='bbox 234 3244 401 3314; x_wconf 84' lang='lat' dir='ltr'><strong>(canabinas</strong></span> <span class='ocrx_word' id='word_1_255' title='bbox 425 3245 451 3299; x_wconf 89' lang='lat' dir='ltr'><strong><em>V</em></strong></span> <span class='ocrx_word' id='word_1_256' title='bbox 466 3250 492 3300; x_wconf 84' lang='lat' dir='ltr'><strong>ct</strong></span> <span class='ocrx_word' id='word_1_257' title='bbox 509 3247 646 3300; x_wconf 71' lang='lat' dir='ltr'><strong>macella</strong></span> <span class='ocrx_word' id='word_1_258' title='bbox 664 3249 835 3317; x_wconf 75' lang='lat' dir='ltr'><strong>opoprapba)</strong></span> 
     </span>
    </p>
   </div>
   <div class='ocr_carea' id='block_1_5' title="bbox 132 3420 1146 3547">
    <p class='ocr_par' dir='ltr' id='par_1_7' title="bbox 132 3420 1146 3547">
     <span class='ocr_line' id='line_1_36' title="bbox 223 3420 1146 3478; baseline 0.001 -4"><span class='ocrx_word' id='word_1_259' title='bbox 223 3426 256 3475; x_wconf 86' lang='lat'><strong>10</strong></span> <span class='ocrx_word' id='word_1_260' title='bbox 275 3423 306 3475; x_wconf 93' lang='lat' dir='ltr'><strong>et</strong></span> <span class='ocrx_word' id='word_1_261' title='bbox 322 3421 460 3476; x_wconf 90' lang='lat' dir='ltr'><strong>misissem</strong></span> <span class='ocrx_word' id='word_1_262' title='bbox 476 3420 627 3476; x_wconf 62' lang='lat' dir='ltr'><strong>&#39;Iracundus</strong></span> <span class='ocrx_word' id='word_1_263' title='bbox 714 3428 746 3477; x_wconf 82' lang='lat'><strong>12</strong></span> <span class='ocrx_word' id='word_1_264' title='bbox 769 3421 976 3478; x_wconf 81' lang='lat' dir='ltr'><strong>columbarias</strong></span> <span class='ocrx_word' id='word_1_265' title='bbox 1064 3426 1097 3476; x_wconf 77' lang='lat'><strong>17</strong></span> <span class='ocrx_word' id='word_1_266' title='bbox 1117 3423 1146 3476; x_wconf 86' lang='lat' dir='ltr'><strong>tu</strong></span> 
     </span>
     <span class='ocr_line' id='line_1_37' title="bbox 132 3491 689 3547; baseline 0 -1"><span class='ocrx_word' id='word_1_267' title='bbox 132 3491 241 3547; x_wconf 88' lang='lat' dir='ltr'><strong>Merula</strong></span> <span class='ocrx_word' id='word_1_268' title='bbox 260 3493 408 3547; x_wconf 75' lang='lat' dir='ltr'><strong>Iucundos</strong></span> <span class='ocrx_word' id='word_1_269' title='bbox 479 3497 514 3546; x_wconf 80' lang='lat'><strong>23</strong></span> <span class='ocrx_word' id='word_1_270' title='bbox 532 3492 689 3547; x_wconf 87' lang='lat' dir='ltr'><strong>mutulosc</strong></span> 
     </span>
    </p>
   </div>
   <div class='ocr_carea' id='block_1_6' title="bbox 0 0 1230 3938">
    <p class='ocr_par' dir='ltr' id='par_1_8' title="bbox 0 0 1230 3938">
     <span class='ocr_line' id='line_1_38' title="bbox 0 0 1230 3938; baseline 0 0"><span class='ocrx_word' id='word_1_271' title='bbox 0 0 1230 3938; x_wconf 95' lang='lat' dir='ltr'><strong> </strong></span> 
     </span>
    </p>
   </div>
  </div>
 </body>
</html>
