2452 3938
224 155 354 211 RERVM
373 155 610 212 uvsvlcnnvlr
629 155 695 212 LIB.
710 156 749 210 ΠΙ
764 162 833 212 3-5
978 159 1039 224 131

46 300 157 384 asino,
177 300 263 384 quod
281 304 443 366 amatores
461 301 586 366 invenit
604 302 738 386 multos;
758 303 895 366 alterum
914 302 1039 369 fruetus

46 412 132 473 ausa,
151 411 215 473 quo
235 410 351 475 genere
370 390 548 455 macellarii
567 394 599 454 et
618 390 651 455 in
670 390 749 454 urbe
769 391 899 474 quidam
918 392 1040 456 habent

46 500 94 544 ›oa
118 478 230 542 clausa
253 482 285 542 et
307 500 381 543 rure
404 478 544 543 maxime
563 479 723 544 eondueta
740 480 774 544 in
793 477 930 562 Sabinis,
954 480 1041 564 quod

46 568 71 632 ri
98 570 233 650 propter
264 567 337 651 agri
363 570 514 631 naturam
542 567 726 651 frequentes
755 573 913 652 apparent
943 568 1039 634 turdi.

46 679 63 720 x
90 655 131 720 iis
158 656 248 720 tertii
275 657 404 740 generis
432 656 536 720 voluit
562 677 633 720 esse
656 656 809 721 Lucullus
833 658 1071 739 eoniunetum3

46 744 193 826 viariam,
217 744 303 829 quod
324 744 402 809 feeit
424 744 458 808 in
483 744 676 828 Tusculano,
699 748 735 808 ut
758 745 793 809 in
817 746 930 810 eodem
953 750 1040 812 teuto

45 832 208 898 rnithonis
236 833 398 897 inelusum
429 832 607 898 triclinium
639 833 783 917 haberet,
815 834 872 898 ubi
905 834 1040 900 delicate

46 921 182 986 eniteret
205 925 238 985 et
261 921 341 986 alios
365 921 489 987 videret
510 922 544 986 in
567 943 759 987 mazonomo
777 923 902 1006 positos
923 927 1042 1007 eostos,

46 1011 105 1074 lios
134 1010 272 1074 volitare
304 1010 424 1075 oireum
453 1010 612 1076 fenestras
643 1013 766 1094 captos.
812 1011 897 1095 quod
919 1012 1041 1077 inutile
1112 1067 1122 1077 .

46 1102 225 1164 ivenerunt.
270 1121 347 1163 nam
374 1120 441 1164 non
469 1102 596 1164 tentum
625 1100 658 1163 in
682 1121 720 1164 eo
744 1102 854 1165 oeulos
879 1100 1042 1166 delectant

45 1190 110 1251 ltra
131 1186 290 1252 fenestras
315 1209 390 1251 aves
413 1187 597 1270 volitantes,
621 1191 777 1272 quantum
802 1189 938 1254 offendit
955 1190 1042 1273 quod

46 1275 151 1340 lienus
176 1276 256 1340 odor
277 1276 388 1360 opplet
405 1298 510 1341 nares.
546 1275 603 1340 sed
622 1275 707 1360 quod
725 1279 758 1340 te
778 1278 873 1341 malle
891 1275 1077 1364 arbitror,V

46 1363 97 1446 uri,
129 1364 235 1428 dicam
268 1365 307 1428 de
338 1364 401 1430 hoe
433 1364 634 1446 [ornithone]
668 1363 753 1447 quod
785 1364 910 1430 fruetus
944 1388 1043 1431 causa

46 1453 157 1536 sciunt,
180 1452 273 1536 unde,
296 1475 361 1517 non
383 1452 440 1516 ubi
464 1455 634 1517 sumuntur
656 1453 794 1536 pingues
813 1452 908 1518 turdi.
940 1454 1042 1538 igitur
1156 1482 1161 1491 ·

46 1541 167 1619 estudo,
204 1544 241 1605 ut
267 1541 458 1625 peristylum
493 1544 615 1605 testum
647 1539 767 1625 tegulis
800 1544 857 1614 aut
888 1545 972 1626 rete,
1003 1542 1042 1607 fit

46 1650 153 1714 regna,
176 1629 211 1693 in
235 1652 299 1714 qua
322 1631 412 1693 milia
436 1629 560 1712 aliquot
581 1629 750 1694 turdorum
773 1650 810 1693 ao
840 1631 1039 1696 merularum

46 1718 186 1782 inludere
209 1718 357 1801 possint,
390 1717 520 1802 quidam
544 1740 618 1783 oum
641 1739 679 1784 eo
704 1717 847 1782 adiciant
873 1723 1069 1802 praeterea2

46 1827 99 1871 ves
133 1806 214 1870 alias
247 1827 390 1891 quoque,
423 1827 505 1891 quae
537 1807 675 1892 pingues
709 1810 851 1871 veneunt
883 1829 971 1893 aare,
1003 1814 1041 1874 ut

46 1895 182 1959 riliariae
206 1916 243 1959 ae
266 1895 455 1961 eoturniees.
501 1896 535 1960 in
558 1895 620 1961 hoe
642 1899 766 1960 tectum
790 1917 908 1979 aquam
930 1898 1040 1962 venire

46 1986 153 2066 portet
184 2005 243 2066 per
269 1984 412 2049 fistulam
441 1987 474 2048 et
502 2006 572 2048 eam
601 1984 710 2067 potius
737 2005 796 2066 per
826 1985 953 2048 canales
984 2005 1039 2047 an·

46 2075 140 2136 ustas
165 2093 306 2157 serpere,
334 2093 415 2157 quae
438 2071 532 2137 faeile
556 2071 715 2155 extergeri
737 2070 865 2154 possint
887 2068 931 2158 (si
954 2074 1039 2137 enim

46 2163 88 2224 rte
111 2160 157 2224 ibi
176 2160 292 2225 diffusa
316 2182 413 2245 aqua,
442 2164 474 2225 et
496 2159 688 2245 inquinatur
709 2158 838 2223 facilius
862 2165 894 2225 et
916 2160 1040 2226 bibitur

45 2246 196 2334 rutilius),
212 2254 252 2314 'et
274 2270 313 2313 ex
336 2250 382 2313 eis
405 2249 524 2314 caduca
548 2270 630 2332 quae
654 2247 798 2312 abundat
819 2270 877 2330 per
894 2249 1039 2314 fistulam

46 2337 119 2422 vire,
146 2359 187 2401 ne
215 2338 284 2402 luto
314 2359 389 2403 aves
418 2337 575 2402 laborent.
621 2336 740 2401 ostium
768 2336 887 2400 habere
916 2337 1067 2403 humile3

46 2428 60 2488 t
83 2429 254 2510 angustum
274 2430 307 2490 et
325 2425 531 2510 potissimum
552 2425 620 2490 eius
640 2424 778 2509 generis,
801 2425 885 2508 quod
904 2425 1038 2489 caeliam

46 2514 199 2597 ppellant,
223 2518 260 2579 ut
279 2515 363 2579 solet
382 2535 452 2579 esse
470 2514 505 2578 in
524 2535 631 2598 cavea,
653 2514 688 2578 in
707 2535 772 2597 qua
790 2512 876 2576 tauri
893 2533 1039 2597 pugnare

46 2603 141 2666 olent:
178 2603 338 2668 fenestras
365 2625 470 2685 raras,
498 2625 556 2688 per
583 2625 663 2688 quas
691 2623 758 2668 non
784 2602 955 2667 videantur
985 2624 1037 2666 ex·

46 2691 180 2756 insecus
210 2692 341 2756 arbores
371 2696 427 2756 aut
455 2713 543 2776 aves,
573 2691 659 2776 quod
686 2713 797 2756 earum
825 2695 975 2775 aspectus
999 2714 1036 2757 ae
1089 2708 1094 2713 ·

46 2779 215 2843 asiderium
239 2802 436 2845 marcescere
460 2781 539 2846 facit
557 2781 704 2845 volueres
724 2780 877 2846 inclusas.
909 2783 1035 2845 tantum

46 2889 127 2931 veum
150 2869 281 2933 luminis
304 2869 424 2934 habere
448 2872 587 2952 oportet,
610 2872 647 2933 ut
670 2890 744 2934 aves
768 2869 876 2934 videre
899 2870 1036 2953 possint,

46 2956 74 3020 ti
98 2956 258 3041 adsident,
286 2957 343 3022 ubi
370 2957 475 3041 oibuS,
498 2958 554 3022 ubi
583 2979 666 3041 aqua
690 2958 740 3023 sit.
785 2958 923 3022 tectorio
947 2961 1036 3022 taeta

46 3067 86 3110 ise
111 3044 175 3111 levi
199 3046 318 3112 circum
343 3046 428 3111 ostia
452 3067 488 3110 ao
506 3045 675 3123 fenestras,
697 3067 804 3128 nequa
822 3047 943 3108 intrare
962 3067 1034 3108 mus

49 3134 122 3198 iave
151 3156 233 3218 quae
262 3135 368 3200 bestia
394 3134 509 3218 possit.
555 3134 676 3197 eireum
708 3133 803 3196 huius
828 3131 955 3196 aedifici
977 3140 1064 3217 pa·4

106 3295 140 3344 16
160 3291 274 3359 aliquod
348 3297 379 3346 17
403 3293 549 3360 praeterea
572 3288 743 3358 (praetereas
768 3287 825 3343 rod.
845 3287 926 3354 Pur,
952 3302 1032 3356 prae-

46 3362 106 3416 reat
123 3363 284 3431 upopraplra
302 3364 461 3427 recentiora,
480 3363 626 3431 praeterea
645 3359 671 3413 V
687 3364 712 3414 et
729 3359 786 3414 eod.
802 3357 895 3431 Flos.)
933 3363 967 3411 19
987 3373 1031 3412 eo-

46 3431 136 3486 miees
156 3434 323 3502 (rotumices
348 3434 387 3503 V)
432 3439 466 3488 25
486 3431 602 3488 coelium
624 3430 773 3501 (cochliam
797 3429 836 3498 V)
884 3435 917 3483 32
938 3427 1032 3483 hostia

46 3502 100 3559 stia
123 3503 163 3574 V)
236 3510 269 3559 33
289 3503 411 3558 aedificii
