<?xml version="1.0" encoding="UTF-8"?>
<!DOCTYPE html PUBLIC "-//W3C//DTD XHTML 1.0 Transitional//EN"
    "http://www.w3.org/TR/xhtml1/DTD/xhtml1-transitional.dtd">
<html xmlns="http://www.w3.org/1999/xhtml" xml:lang="en" lang="en">
 <head>
  <title>
</title>
<meta http-equiv="Content-Type" content="text/html;charset=utf-8" />
  <meta name='ocr-system' content='tesseract 3.04.00' />
  <meta name='ocr-capabilities' content='ocr_page ocr_carea ocr_par ocr_line ocrx_word'/>
</head>
<body>
  <div class='ocr_page' id='page_1' title='image "./mterentivarroni00keilgoog/mterentivarroni00keilgoog_0073.png"; bbox 0 0 2452 3938; ppageno 0'>
   <div class='ocr_carea' id='block_1_1' title="bbox 136 144 743 218">
    <p class='ocr_par' dir='ltr' id='par_1_1' title="bbox 136 144 743 218">
     <span class='ocr_line' id='line_1_1' title="bbox 136 144 743 218; baseline -0.002 -12"><span class='ocrx_word' id='word_1_1' title='bbox 136 153 180 218; x_wconf 82' lang='lat'>58</span> <span class='ocrx_word' id='word_1_2' title='bbox 552 144 743 208; x_wconf 73' lang='lat' dir='ltr'><strong>VARRONIS·</strong></span> 
     </span>
    </p>
   </div>
   <div class='ocr_carea' id='block_1_2' title="bbox 59 296 1195 2772">
    <p class='ocr_par' dir='ltr' id='par_1_2' title="bbox 136 296 1194 1002">
     <span class='ocr_line' id='line_1_2' title="bbox 138 296 1153 382; baseline 0 -20"><span class='ocrx_word' id='word_1_3' title='bbox 138 302 252 362; x_wconf 91' lang='lat' dir='ltr'>tumno</span> <span class='ocrx_word' id='word_1_4' title='bbox 271 302 328 361; x_wconf 88' lang='lat' dir='ltr'>aut</span> <span class='ocrx_word' id='word_1_5' title='bbox 345 296 452 361; x_wconf 89' lang='lat' dir='ltr'>hieme</span> <span class='ocrx_word' id='word_1_6' title='bbox 470 298 575 382; x_wconf 86' lang='lat' dir='ltr'>magis</span> <span class='ocrx_word' id='word_1_7' title='bbox 591 298 650 361; x_wconf 90' lang='lat' dir='ltr'>sub</span> <span class='ocrx_word' id='word_1_8' title='bbox 665 300 753 361; x_wconf 89' lang='lat' dir='ltr'>terra</span> <span class='ocrx_word' id='word_1_9' title='bbox 767 318 866 381; x_wconf 90' lang='lat' dir='ltr'>quam</span> <span class='ocrx_word' id='word_1_10' title='bbox 881 318 980 380; x_wconf 88' lang='lat' dir='ltr'>supra</span> <span class='ocrx_word' id='word_1_11' title='bbox 995 297 1153 382; x_wconf 86' lang='lat' dir='ltr'>alescunt,</span> 
     </span>
     <span class='ocr_line' id='line_1_3' title="bbox 137 387 1155 472; baseline 0.001 -22"><span class='ocrx_word' id='word_1_12' title='bbox 137 387 222 472; x_wconf 91' lang='lat' dir='ltr'>quod</span> <span class='ocrx_word' id='word_1_13' title='bbox 245 390 349 451; x_wconf 89' lang='lat' dir='ltr'>tectae</span> <span class='ocrx_word' id='word_1_14' title='bbox 372 390 478 450; x_wconf 87' lang='lat' dir='ltr'>terrae</span> <span class='ocrx_word' id='word_1_15' title='bbox 501 391 613 468; x_wconf 87' lang='lat' dir='ltr'>tepore</span> <span class='ocrx_word' id='word_1_16' title='bbox 635 389 878 470; x_wconf 75' lang='lat' dir='ltr'><strong>propagantur,</strong></span> <span class='ocrx_word' id='word_1_17' title='bbox 906 407 1006 470; x_wconf 90' lang='lat' dir='ltr'>supra</span> <span class='ocrx_word' id='word_1_18' title='bbox 1028 389 1155 451; x_wconf 85' lang='lat' dir='ltr'>terram</span> 
     </span>
     <span class='ocr_line' id='line_1_4' title="bbox 138 474 1155 559; baseline -0.001 -19"><span class='ocrx_word' id='word_1_19' title='bbox 138 497 212 540; x_wconf 88' lang='lat' dir='ltr'>aere</span> <span class='ocrx_word' id='word_1_20' title='bbox 234 474 401 559; x_wconf 83' lang='lat' dir='ltr'>frigidiore</span> <span class='ocrx_word' id='word_1_21' title='bbox 424 477 596 557; x_wconf 85' lang='lat' dir='ltr'>coguntur.</span> <span class='ocrx_word' id='word_1_22' title='bbox 641 474 751 559; x_wconf 88' lang='lat' dir='ltr'>itaque</span> <span class='ocrx_word' id='word_1_23' title='bbox 779 475 827 539; x_wconf 85' lang='lat' dir='ltr'>ita</span> <span class='ocrx_word' id='word_1_24' title='bbox 854 495 925 539; x_wconf 86' lang='lat' dir='ltr'>csse</span> <span class='ocrx_word' id='word_1_25' title='bbox 954 474 1072 539; x_wconf 86' lang='lat' dir='ltr'>docent</span> <span class='ocrx_word' id='word_1_26' title='bbox 1097 476 1155 539; x_wconf 91' lang='lat' dir='ltr'>sil·</span> 
     </span>
     <span class='ocr_line' id='line_1_5' title="bbox 136 563 1155 648; baseline 0.001 -21"><span class='ocrx_word' id='word_1_27' title='bbox 136 564 273 646; x_wconf 83' lang='lat' dir='ltr'>vestria,</span> <span class='ocrx_word' id='word_1_28' title='bbox 302 564 343 627; x_wconf 90' lang='lat' dir='ltr'>ad</span> <span class='ocrx_word' id='word_1_29' title='bbox 370 585 452 648; x_wconf 88' lang='lat' dir='ltr'>quae</span> <span class='ocrx_word' id='word_1_30' title='bbox 480 568 569 627; x_wconf 89' lang='lat' dir='ltr'>sator</span> <span class='ocrx_word' id='word_1_31' title='bbox 595 584 663 628; x_wconf 92' lang='lat' dir='ltr'>non</span> <span class='ocrx_word' id='word_1_32' title='bbox 691 563 837 629; x_wconf 79' lang='lat' dir='ltr'>accessit.</span> <span class='ocrx_word' id='word_1_33' title='bbox 882 584 959 626; x_wconf 91' lang='lat' dir='ltr'>nam</span> <span class='ocrx_word' id='word_1_34' title='bbox 985 563 1077 645; x_wconf 90' lang='lat' dir='ltr'>prius</span> <span class='ocrx_word' id='word_1_35' title='bbox 1101 586 1155 628; x_wconf 90' lang='lat' dir='ltr'>ra-</span> 
     </span>
     <span class='ocr_line' id='line_1_6' title="bbox 138 651 1194 736; baseline -0.001 -20"><span class='ocrx_word' id='word_1_36' title='bbox 138 652 232 736; x_wconf 85' lang='lat' dir='ltr'>dices,</span> <span class='ocrx_word' id='word_1_37' title='bbox 257 674 356 735; x_wconf 86' lang='lat' dir='ltr'>quam</span> <span class='ocrx_word' id='word_1_38' title='bbox 380 673 419 715; x_wconf 86' lang='lat' dir='ltr'>ex</span> <span class='ocrx_word' id='word_1_39' title='bbox 441 652 482 715; x_wconf 87' lang='lat' dir='ltr'>iis</span> <span class='ocrx_word' id='word_1_40' title='bbox 506 651 591 735; x_wconf 91' lang='lat' dir='ltr'>quod</span> <span class='ocrx_word' id='word_1_41' title='bbox 614 651 700 716; x_wconf 87' lang='lat' dir='ltr'>solet</span> <span class='ocrx_word' id='word_1_42' title='bbox 722 651 821 735; x_wconf 84' lang='lat' dir='ltr'>nasci,</span> <span class='ocrx_word' id='word_1_43' title='bbox 845 654 1002 716; x_wconf 85' lang='lat' dir='ltr'>crescunt</span> <span class='ocrx_word' id='word_1_44' title='bbox 1047 673 1154 736; x_wconf 89' lang='lat' dir='ltr'>neque</span> <span class='ocrx_word' id='word_1_45' title='bbox 1181 674 1194 715; x_wconf 79' lang='lat' dir='ltr'>s</span> 
     </span>
     <span class='ocr_line' id='line_1_7' title="bbox 138 739 1154 824; baseline 0.001 -20"><span class='ocrx_word' id='word_1_46' title='bbox 138 740 263 804; x_wconf 82' lang='lat' dir='ltr'>radices</span> <span class='ocrx_word' id='word_1_47' title='bbox 287 741 415 824; x_wconf 89' lang='lat' dir='ltr'>longius</span> <span class='ocrx_word' id='word_1_48' title='bbox 439 740 628 823; x_wconf 84' lang='lat' dir='ltr'>procedunt,</span> <span class='ocrx_word' id='word_1_49' title='bbox 657 740 722 805; x_wconf 90' lang='lat' dir='ltr'>nisi</span> <span class='ocrx_word' id='word_1_50' title='bbox 746 762 810 824; x_wconf 92' lang='lat' dir='ltr'>quo</span> <span class='ocrx_word' id='word_1_51' title='bbox 833 743 929 824; x_wconf 84' lang='lat' dir='ltr'>tepor</span> <span class='ocrx_word' id='word_1_52' title='bbox 951 739 1042 804; x_wconf 86' lang='lat' dir='ltr'>venit</span> <span class='ocrx_word' id='word_1_53' title='bbox 1066 741 1154 806; x_wconf 72' lang='lat' dir='ltr'>solis.</span> 
     </span>
     <span class='ocr_line' id='line_1_8' title="bbox 139 829 1155 913; baseline 0.003 -21"><span class='ocrx_word' id='word_1_54' title='bbox 139 830 255 912; x_wconf 88' lang='lat' dir='ltr'>duplex</span> <span class='ocrx_word' id='word_1_55' title='bbox 279 851 378 893; x_wconf 86' lang='lat' dir='ltr'>causa</span> <span class='ocrx_word' id='word_1_56' title='bbox 400 830 566 906; x_wconf 89' lang='lat' dir='ltr'>radioium‚</span> <span class='ocrx_word' id='word_1_57' title='bbox 589 830 675 913; x_wconf 91' lang='lat' dir='ltr'>quod</span> <span class='ocrx_word' id='word_1_58' title='bbox 698 832 730 893; x_wconf 86' lang='lat' dir='ltr'>et</span> <span class='ocrx_word' id='word_1_59' title='bbox 749 831 916 893; x_wconf 77' lang='lat' dir='ltr'>materiem</span> <span class='ocrx_word' id='word_1_60' title='bbox 936 829 1036 893; x_wconf 89' lang='lat' dir='ltr'>aliam</span> <span class='ocrx_word' id='word_1_61' title='bbox 1055 851 1155 912; x_wconf 89' lang='lat' dir='ltr'>quam</span> 
     </span>
     <span class='ocr_line' id='line_1_9' title="bbox 139 917 1156 1002; baseline 0 -20"><span class='ocrx_word' id='word_1_62' title='bbox 139 918 238 982; x_wconf 86' lang='lat' dir='ltr'>aliam</span> <span class='ocrx_word' id='word_1_63' title='bbox 268 918 399 1001; x_wconf 90' lang='lat' dir='ltr'>longius</span> <span class='ocrx_word' id='word_1_64' title='bbox 426 918 544 1002; x_wconf 76' lang='lat' dir='ltr'>proicit</span> <span class='ocrx_word' id='word_1_65' title='bbox 566 922 693 999; x_wconf 85' lang='lat' dir='ltr'>natura,</span> <span class='ocrx_word' id='word_1_66' title='bbox 724 921 756 980; x_wconf 86' lang='lat' dir='ltr'>et</span> <span class='ocrx_word' id='word_1_67' title='bbox 780 918 865 1001; x_wconf 88' lang='lat' dir='ltr'>quod</span> <span class='ocrx_word' id='word_1_68' title='bbox 889 917 954 981; x_wconf 88' lang='lat' dir='ltr'>alia</span> <span class='ocrx_word' id='word_1_69' title='bbox 976 920 1066 981; x_wconf 86' lang='lat' dir='ltr'>terra</span> <span class='ocrx_word' id='word_1_70' title='bbox 1089 919 1156 982; x_wconf 86' lang='lat' dir='ltr'>alia</span> 
     </span>
    </p>

    <p class='ocr_par' dir='ltr' id='par_1_3' title="bbox 66 1006 1195 1797">
     <span class='ocr_line' id='line_1_10' title="bbox 66 1006 1156 1089; baseline -0.003 -15"><span class='ocrx_word' id='word_1_71' title='bbox 66 1021 152 1075; x_wconf 81' lang='lat' dir='ltr'>XLVI</span> <span class='ocrx_word' id='word_1_72' title='bbox 162 1006 290 1072; x_wconf 85' lang='lat' dir='ltr'>facilius</span> <span class='ocrx_word' id='word_1_73' title='bbox 308 1008 395 1071; x_wconf 84' lang='lat' dir='ltr'>viam</span> <span class='ocrx_word' id='word_1_74' title='bbox 414 1006 477 1072; x_wconf 82' lang='lat' dir='ltr'>dat.</span> <span class='ocrx_word' id='word_1_75' title='bbox 513 1010 648 1089; x_wconf 89' lang='lat' dir='ltr'>propter</span> <span class='ocrx_word' id='word_1_76' title='bbox 666 1007 757 1070; x_wconf 88' lang='lat' dir='ltr'>cuius</span> <span class='ocrx_word' id='word_1_77' title='bbox 780 1007 867 1070; x_wconf 90' lang='lat' dir='ltr'>modi</span> <span class='ocrx_word' id='word_1_78' title='bbox 890 1026 941 1070; x_wconf 88' lang='lat' dir='ltr'>res</span> <span class='ocrx_word' id='word_1_79' title='bbox 962 1006 1156 1071; x_wconf 88' lang='lat' dir='ltr'>admiranda</span> 
     </span>
     <span class='ocr_line' id='line_1_11' title="bbox 138 1093 1194 1179; baseline -0.003 -20"><span class='ocrx_word' id='word_1_80' title='bbox 138 1095 325 1160; x_wconf 90' lang='lat' dir='ltr'>discrimina</span> <span class='ocrx_word' id='word_1_81' title='bbox 349 1099 425 1158; x_wconf 85' lang='lat' dir='ltr'>sunt</span> <span class='ocrx_word' id='word_1_82' title='bbox 446 1099 581 1159; x_wconf 87' lang='lat' dir='ltr'>naturae</span> <span class='ocrx_word' id='word_1_83' title='bbox 605 1093 743 1178; x_wconf 86' lang='lat' dir='ltr'>aliquot,</span> <span class='ocrx_word' id='word_1_84' title='bbox 774 1117 813 1158; x_wconf 85' lang='lat' dir='ltr'>ex</span> <span class='ocrx_word' id='word_1_85' title='bbox 840 1095 1036 1179; x_wconf 87' lang='lat' dir='ltr'>quibusdam</span> <span class='ocrx_word' id='word_1_86' title='bbox 1062 1094 1155 1159; x_wconf 89' lang='lat' dir='ltr'>foliis</span> <span class='ocrx_word' id='word_1_87' title='bbox 1169 1117 1194 1156; x_wconf 83' lang='lat' dir='ltr'>ro</span> 
     </span>
     <span class='ocr_line' id='line_1_12' title="bbox 137 1183 1156 1268; baseline 0.002 -22"><span class='ocrx_word' id='word_1_88' title='bbox 137 1187 271 1268; x_wconf 88' lang='lat' dir='ltr'>propter</span> <span class='ocrx_word' id='word_1_89' title='bbox 299 1204 409 1247; x_wconf 89' lang='lat' dir='ltr'>eorum</span> <span class='ocrx_word' id='word_1_90' title='bbox 438 1204 619 1267; x_wconf 83' lang='lat' dir='ltr'>versuram,</span> <span class='ocrx_word' id='word_1_91' title='bbox 653 1183 738 1267; x_wconf 92' lang='lat' dir='ltr'>quod</span> <span class='ocrx_word' id='word_1_92' title='bbox 769 1184 812 1248; x_wconf 86' lang='lat' dir='ltr'>sit</span> <span class='ocrx_word' id='word_1_93' title='bbox 839 1183 917 1247; x_wconf 89' lang='lat' dir='ltr'>anni</span> <span class='ocrx_word' id='word_1_94' title='bbox 944 1187 1087 1267; x_wconf 87' lang='lat' dir='ltr'>tempus,</span> <span class='ocrx_word' id='word_1_95' title='bbox 1118 1187 1156 1248; x_wconf 92' lang='lat' dir='ltr'>ut</span> 
     </span>
     <span class='ocr_line' id='line_1_13' title="bbox 138 1271 1156 1355; baseline 0.001 -19"><span class='ocrx_word' id='word_1_96' title='bbox 138 1272 201 1336; x_wconf 91' lang='lat' dir='ltr'>dici</span> <span class='ocrx_word' id='word_1_97' title='bbox 223 1272 344 1354; x_wconf 81' lang='lat' dir='ltr'>possit,</span> <span class='ocrx_word' id='word_1_98' title='bbox 368 1276 404 1334; x_wconf 89' lang='lat' dir='ltr'>ut</span> <span class='ocrx_word' id='word_1_99' title='bbox 427 1273 499 1336; x_wconf 90' lang='lat' dir='ltr'>olea</span> <span class='ocrx_word' id='word_1_100' title='bbox 522 1276 555 1335; x_wconf 88' lang='lat' dir='ltr'>et</span> <span class='ocrx_word' id='word_1_101' title='bbox 578 1271 719 1355; x_wconf 90' lang='lat' dir='ltr'>populus</span> <span class='ocrx_word' id='word_1_102' title='bbox 743 1272 818 1336; x_wconf 87' lang='lat' dir='ltr'>alba</span> <span class='ocrx_word' id='word_1_103' title='bbox 841 1276 874 1336; x_wconf 83' lang='lat' dir='ltr'>et</span> <span class='ocrx_word' id='word_1_104' title='bbox 898 1272 989 1338; x_wconf 82' lang='lat' dir='ltr'>salix.</span> <span class='ocrx_word' id='word_1_105' title='bbox 1035 1271 1156 1337; x_wconf 90' lang='lat' dir='ltr'>horum</span> 
     </span>
     <span class='ocr_line' id='line_1_14' title="bbox 138 1359 1156 1438; baseline 0.002 -15"><span class='ocrx_word' id='word_1_106' title='bbox 138 1360 224 1424; x_wconf 89' lang='lat' dir='ltr'>enim</span> <span class='ocrx_word' id='word_1_107' title='bbox 256 1360 336 1424; x_wconf 84' lang='lat' dir='ltr'>folia</span> <span class='ocrx_word' id='word_1_108' title='bbox 369 1382 442 1424; x_wconf 92' lang='lat' dir='ltr'>cum</span> <span class='ocrx_word' id='word_1_109' title='bbox 475 1365 705 1426; x_wconf 87' lang='lat' dir='ltr'>converterunt</span> <span class='ocrx_word' id='word_1_110' title='bbox 737 1381 787 1438; x_wconf 88' lang='lat' dir='ltr'>sa,</span> <span class='ocrx_word' id='word_1_111' title='bbox 821 1360 1001 1424; x_wconf 88' lang='lat' dir='ltr'>solstitium</span> <span class='ocrx_word' id='word_1_112' title='bbox 1034 1359 1156 1425; x_wconf 89' lang='lat' dir='ltr'>dicitur</span> 
     </span>
     <span class='ocr_line' id='line_1_15' title="bbox 137 1448 1156 1533; baseline 0.002 -21"><span class='ocrx_word' id='word_1_113' title='bbox 137 1449 247 1515; x_wconf 88' lang='lat' dir='ltr'>fuisse.</span> <span class='ocrx_word' id='word_1_114' title='bbox 296 1470 357 1513; x_wconf 91' lang='lat' dir='ltr'>nec</span> <span class='ocrx_word' id='word_1_115' title='bbox 384 1450 491 1513; x_wconf 90' lang='lat' dir='ltr'>minus</span> <span class='ocrx_word' id='word_1_116' title='bbox 521 1449 746 1514; x_wconf 87' lang='lat' dir='ltr'>admirandum</span> <span class='ocrx_word' id='word_1_117' title='bbox 774 1450 860 1532; x_wconf 91' lang='lat' dir='ltr'>quod</span> <span class='ocrx_word' id='word_1_118' title='bbox 891 1450 928 1512; x_wconf 89' lang='lat' dir='ltr'>fit</span> <span class='ocrx_word' id='word_1_119' title='bbox 950 1449 985 1512; x_wconf 90' lang='lat' dir='ltr'>in</span> <span class='ocrx_word' id='word_1_120' title='bbox 1007 1448 1156 1533; x_wconf 72' lang='lat' dir='ltr'>floribus,</span> 
     </span>
     <span class='ocr_line' id='line_1_16' title="bbox 138 1536 1195 1621; baseline -0.003 -20"><span class='ocrx_word' id='word_1_121' title='bbox 138 1560 220 1620; x_wconf 91' lang='lat' dir='ltr'>quos</span> <span class='ocrx_word' id='word_1_122' title='bbox 248 1541 367 1602; x_wconf 85' lang='lat' dir='ltr'>vocant</span> <span class='ocrx_word' id='word_1_123' title='bbox 396 1538 593 1621; x_wconf 89' lang='lat' dir='ltr'>heliotropia</span> <span class='ocrx_word' id='word_1_124' title='bbox 616 1538 656 1601; x_wconf 88' lang='lat' dir='ltr'>ab</span> <span class='ocrx_word' id='word_1_125' title='bbox 681 1559 732 1620; x_wconf 87' lang='lat' dir='ltr'>eo,</span> <span class='ocrx_word' id='word_1_126' title='bbox 761 1538 846 1621; x_wconf 93' lang='lat' dir='ltr'>quod</span> <span class='ocrx_word' id='word_1_127' title='bbox 875 1538 915 1602; x_wconf 91' lang='lat' dir='ltr'>ad</span> <span class='ocrx_word' id='word_1_128' title='bbox 939 1536 1017 1601; x_wconf 86' lang='lat' dir='ltr'>solis</span> <span class='ocrx_word' id='word_1_129' title='bbox 1043 1541 1154 1602; x_wconf 91' lang='lat' dir='ltr'>ortum</span> <span class='ocrx_word' id='word_1_130' title='bbox 1169 1557 1195 1599; x_wconf 64' lang='grc' dir='ltr'>ιε</span> 
     </span>
     <span class='ocr_line' id='line_1_17' title="bbox 137 1626 1156 1710; baseline 0.001 -20"><span class='ocrx_word' id='word_1_131' title='bbox 137 1649 232 1692; x_wconf 89' lang='lat' dir='ltr'>mane</span> <span class='ocrx_word' id='word_1_132' title='bbox 256 1630 406 1710; x_wconf 85' lang='lat' dir='ltr'>spectant</span> <span class='ocrx_word' id='word_1_133' title='bbox 433 1629 466 1690; x_wconf 88' lang='lat' dir='ltr'>et</span> <span class='ocrx_word' id='word_1_134' title='bbox 494 1627 562 1690; x_wconf 90' lang='lat' dir='ltr'>eius</span> <span class='ocrx_word' id='word_1_135' title='bbox 590 1627 653 1689; x_wconf 88' lang='lat' dir='ltr'>iter</span> <span class='ocrx_word' id='word_1_136' title='bbox 681 1627 728 1690; x_wconf 89' lang='lat' dir='ltr'>ita</span> <span class='ocrx_word' id='word_1_137' title='bbox 752 1629 905 1692; x_wconf 85' lang='lat' dir='ltr'>secuntur</span> <span class='ocrx_word' id='word_1_138' title='bbox 928 1626 968 1689; x_wconf 90' lang='lat' dir='ltr'>ad</span> <span class='ocrx_word' id='word_1_139' title='bbox 992 1647 1156 1710; x_wconf 87' lang='lat' dir='ltr'>occasum,</span> 
     </span>
     <span class='ocr_line' id='line_1_18' title="bbox 137 1715 664 1797; baseline 0 -19"><span class='ocrx_word' id='word_1_140' title='bbox 137 1718 175 1778; x_wconf 88' lang='lat' dir='ltr'>ut</span> <span class='ocrx_word' id='word_1_141' title='bbox 198 1715 237 1778; x_wconf 90' lang='lat' dir='ltr'>ad</span> <span class='ocrx_word' id='word_1_142' title='bbox 261 1736 334 1777; x_wconf 90' lang='lat' dir='ltr'>eum</span> <span class='ocrx_word' id='word_1_143' title='bbox 358 1736 485 1797; x_wconf 87' lang='lat' dir='ltr'>semper</span> <span class='ocrx_word' id='word_1_144' title='bbox 508 1717 664 1797; x_wconf 87' lang='lat' dir='ltr'>spectent.</span> 
     </span>
    </p>

    <p class='ocr_par' dir='ltr' id='par_1_4' title="bbox 66 1800 1193 2666">
     <span class='ocr_line' id='line_1_19' title="bbox 66 1800 1156 1885; baseline -0.004 -14"><span class='ocrx_word' id='word_1_145' title='bbox 66 1816 169 1871; x_wconf 80' lang='lat' dir='ltr'><strong>XLVII</strong></span> <span class='ocrx_word' id='word_1_146' title='bbox 227 1800 266 1865; x_wconf 90' lang='lat' dir='ltr'>In</span> <span class='ocrx_word' id='word_1_147' title='bbox 291 1802 465 1867; x_wconf 86' lang='lat' dir='ltr'>seminario</span> <span class='ocrx_word' id='word_1_148' title='bbox 485 1824 566 1885; x_wconf 89' lang='lat' dir='ltr'>quae</span> <span class='ocrx_word' id='word_1_149' title='bbox 585 1803 723 1866; x_wconf 84' lang='lat' dir='ltr'>surculis</span> <span class='ocrx_word' id='word_1_150' title='bbox 743 1802 868 1867; x_wconf 87' lang='lat' dir='ltr'>consita</span> <span class='ocrx_word' id='word_1_151' title='bbox 887 1807 919 1867; x_wconf 87' lang='lat' dir='ltr'>et</span> <span class='ocrx_word' id='word_1_152' title='bbox 938 1824 1050 1867; x_wconf 89' lang='lat' dir='ltr'>eorum</span> <span class='ocrx_word' id='word_1_153' title='bbox 1071 1804 1156 1869; x_wconf 90' lang='lat' dir='ltr'>mol-</span> 
     </span>
     <span class='ocr_line' id='line_1_20' title="bbox 138 1890 1155 1975; baseline 0.004 -21"><span class='ocrx_word' id='word_1_154' title='bbox 138 1891 221 1954; x_wconf 90' lang='lat' dir='ltr'>liora</span> <span class='ocrx_word' id='word_1_155' title='bbox 235 1893 332 1955; x_wconf 91' lang='lat' dir='ltr'>erunt</span> <span class='ocrx_word' id='word_1_156' title='bbox 344 1895 460 1954; x_wconf 88' lang='lat' dir='ltr'>natura</span> <span class='ocrx_word' id='word_1_157' title='bbox 475 1890 656 1972; x_wconf 85' lang='lat' dir='ltr'>cacumina,</span> <span class='ocrx_word' id='word_1_158' title='bbox 674 1895 712 1955; x_wconf 88' lang='lat' dir='ltr'>ut</span> <span class='ocrx_word' id='word_1_159' title='bbox 727 1892 798 1956; x_wconf 89' lang='lat' dir='ltr'>olea</span> <span class='ocrx_word' id='word_1_160' title='bbox 812 1913 849 1955; x_wconf 89' lang='lat' dir='ltr'>ao</span> <span class='ocrx_word' id='word_1_161' title='bbox 864 1893 953 1975; x_wconf 85' lang='lat' dir='ltr'>fieus,</span> <span class='ocrx_word' id='word_1_162' title='bbox 962 1912 1011 1955; x_wconf 76' lang='lat' dir='ltr'>aa</span> <span class='ocrx_word' id='word_1_163' title='bbox 1025 1914 1155 1958; x_wconf 87' lang='lat' dir='ltr'>summa</span> 
     </span>
     <span class='ocr_line' id='line_1_21' title="bbox 138 1978 1193 2065; baseline -0.002 -23"><span class='ocrx_word' id='word_1_164' title='bbox 138 1978 313 2063; x_wconf 87' lang='lat' dir='ltr'>integenda</span> <span class='ocrx_word' id='word_1_165' title='bbox 346 1979 430 2043; x_wconf 84' lang='lat' dir='ltr'>binis</span> <span class='ocrx_word' id='word_1_166' title='bbox 463 1979 594 2043; x_wconf 87' lang='lat' dir='ltr'>tabellis</span> <span class='ocrx_word' id='word_1_167' title='bbox 627 1980 741 2044; x_wconf 87' lang='lat' dir='ltr'>dextra</span> <span class='ocrx_word' id='word_1_168' title='bbox 774 1985 806 2044; x_wconf 86' lang='lat' dir='ltr'>et</span> <span class='ocrx_word' id='word_1_169' title='bbox 839 1981 973 2044; x_wconf 87' lang='lat' dir='ltr'>sinistra</span> <span class='ocrx_word' id='word_1_170' title='bbox 1005 1979 1193 2065; x_wconf 80' lang='lat' dir='ltr'>deligatam</span> 
     </span>
     <span class='ocr_line' id='line_1_22' title="bbox 139 2067 1156 2152; baseline 0.006 -22"><span class='ocrx_word' id='word_1_171' title='bbox 139 2067 321 2152; x_wconf 89' lang='lat' dir='ltr'>herbaeque</span> <span class='ocrx_word' id='word_1_172' title='bbox 346 2067 519 2152; x_wconf 80' lang='lat' dir='ltr'>eligendae.</span> <span class='ocrx_word' id='word_1_173' title='bbox 548 2089 603 2133; x_wconf 90' lang='lat' dir='ltr'>eae</span> <span class='ocrx_word' id='word_1_174' title='bbox 623 2067 699 2132; x_wconf 90' lang='lat' dir='ltr'>dum</span> <span class='ocrx_word' id='word_1_175' title='bbox 716 2072 848 2132; x_wconf 82' lang='lat' dir='ltr'>tenerae</span> <span class='ocrx_word' id='word_1_176' title='bbox 867 2073 952 2150; x_wconf 86' lang='lat' dir='ltr'>sunt,</span> <span class='ocrx_word' id='word_1_177' title='bbox 975 2068 1156 2136; x_wconf 84' lang='lat' dir='ltr'>vellendas.</span> 
     </span>
     <span class='ocr_line' id='line_1_23' title="bbox 140 2155 1156 2223; baseline 0.004 -4"><span class='ocrx_word' id='word_1_178' title='bbox 140 2156 244 2219; x_wconf 88' lang='lat' dir='ltr'>acrius</span> <span class='ocrx_word' id='word_1_179' title='bbox 275 2157 361 2219; x_wconf 92' lang='lat' dir='ltr'>enim</span> <span class='ocrx_word' id='word_1_180' title='bbox 390 2155 499 2220; x_wconf 86' lang='lat' dir='ltr'>aridae</span> <span class='ocrx_word' id='word_1_181' title='bbox 526 2155 632 2221; x_wconf 85' lang='lat' dir='ltr'>factae</span> <span class='ocrx_word' id='word_1_182' title='bbox 660 2158 809 2221; x_wconf 87' lang='lat' dir='ltr'>rixantur</span> <span class='ocrx_word' id='word_1_183' title='bbox 838 2179 875 2221; x_wconf 87' lang='lat' dir='ltr'>ac</span> <span class='ocrx_word' id='word_1_184' title='bbox 904 2157 1039 2222; x_wconf 85' lang='lat' dir='ltr'>celerius</span> <span class='ocrx_word' id='word_1_185' title='bbox 1070 2179 1156 2223; x_wconf 92' lang='lat' dir='ltr'>rum-</span> 
     </span>
     <span class='ocr_line' id='line_1_24' title="bbox 139 2245 1157 2330; baseline 0.003 -23"><span class='ocrx_word' id='word_1_186' title='bbox 139 2248 273 2329; x_wconf 87' lang='lat' dir='ltr'>puntur,</span> <span class='ocrx_word' id='word_1_187' title='bbox 309 2267 405 2330; x_wconf 90' lang='lat' dir='ltr'>quam</span> <span class='ocrx_word' id='word_1_188' title='bbox 435 2249 595 2310; x_wconf 88' lang='lat' dir='ltr'>secuntur.</span> <span class='ocrx_word' id='word_1_189' title='bbox 647 2250 761 2309; x_wconf 89' lang='lat' dir='ltr'>contra</span> <span class='ocrx_word' id='word_1_190' title='bbox 788 2245 890 2309; x_wconf 89' lang='lat' dir='ltr'>herba</span> <span class='ocrx_word' id='word_1_191' title='bbox 917 2246 951 2309; x_wconf 90' lang='lat' dir='ltr'>in</span> <span class='ocrx_word' id='word_1_192' title='bbox 978 2246 1082 2329; x_wconf 86' lang='lat' dir='ltr'>pratis</span> <span class='ocrx_word' id='word_1_193' title='bbox 1115 2247 1157 2310; x_wconf 89' lang='lat' dir='ltr'>ad</span> 
     </span>
     <span class='ocr_line' id='line_1_25' title="bbox 140 2333 1156 2416; baseline 0.003 -20"><span class='ocrx_word' id='word_1_194' title='bbox 140 2354 231 2416; x_wconf 89' lang='lat' dir='ltr'>spem</span> <span class='ocrx_word' id='word_1_195' title='bbox 265 2333 451 2398; x_wconf 85' lang='lat' dir='ltr'>faenisiciae</span> <span class='ocrx_word' id='word_1_196' title='bbox 483 2337 561 2399; x_wconf 86' lang='lat' dir='ltr'>nata</span> <span class='ocrx_word' id='word_1_197' title='bbox 592 2356 659 2398; x_wconf 91' lang='lat' dir='ltr'>non</span> <span class='ocrx_word' id='word_1_198' title='bbox 691 2334 786 2398; x_wconf 89' lang='lat' dir='ltr'>modo</span> <span class='ocrx_word' id='word_1_199' title='bbox 819 2356 886 2398; x_wconf 92' lang='lat' dir='ltr'>non</span> <span class='ocrx_word' id='word_1_200' title='bbox 919 2334 1087 2399; x_wconf 87' lang='lat' dir='ltr'>evellenda</span> <span class='ocrx_word' id='word_1_201' title='bbox 1120 2336 1156 2399; x_wconf 88' lang='lat' dir='ltr'>in</span> 
     </span>
     <span class='ocr_line' id='line_1_26' title="bbox 139 2421 1193 2506; baseline 0.003 -21"><span class='ocrx_word' id='word_1_202' title='bbox 139 2423 311 2506; x_wconf 85' lang='lat' dir='ltr'>nutricatu,</span> <span class='ocrx_word' id='word_1_203' title='bbox 335 2423 390 2487; x_wconf 89' lang='lat' dir='ltr'>sed</span> <span class='ocrx_word' id='word_1_204' title='bbox 415 2423 512 2486; x_wconf 89' lang='lat' dir='ltr'>ctiam</span> <span class='ocrx_word' id='word_1_205' title='bbox 535 2444 601 2487; x_wconf 90' lang='lat' dir='ltr'>non</span> <span class='ocrx_word' id='word_1_206' title='bbox 625 2421 786 2487; x_wconf 88' lang='lat' dir='ltr'>calcanda.</span> <span class='ocrx_word' id='word_1_207' title='bbox 833 2444 896 2506; x_wconf 89' lang='lat' dir='ltr'>quo</span> <span class='ocrx_word' id='word_1_208' title='bbox 926 2427 958 2486; x_wconf 90' lang='lat' dir='ltr'>et</span> <span class='ocrx_word' id='word_1_209' title='bbox 988 2445 1087 2505; x_wconf 84' lang='lat' dir='ltr'>pecus</span> <span class='ocrx_word' id='word_1_210' title='bbox 1112 2424 1154 2488; x_wconf 90' lang='lat' dir='ltr'>ab</span> <span class='ocrx_word' id='word_1_211' title='bbox 1168 2442 1193 2482; x_wconf 74' lang='lat'>2⁵</span> 
     </span>
     <span class='ocr_line' id='line_1_27' title="bbox 139 2510 1156 2595; baseline 0.004 -21"><span class='ocrx_word' id='word_1_212' title='bbox 139 2514 233 2594; x_wconf 90' lang='lat' dir='ltr'>prato</span> <span class='ocrx_word' id='word_1_213' title='bbox 253 2510 470 2595; x_wconf 83' lang='lat' dir='ltr'>ablegandum</span> <span class='ocrx_word' id='word_1_214' title='bbox 490 2513 522 2574; x_wconf 89' lang='lat' dir='ltr'>et</span> <span class='ocrx_word' id='word_1_215' title='bbox 541 2533 634 2574; x_wconf 91' lang='lat' dir='ltr'>omne</span> <span class='ocrx_word' id='word_1_216' title='bbox 654 2511 844 2595; x_wconf 85' lang='lat' dir='ltr'>iumentum,</span> <span class='ocrx_word' id='word_1_217' title='bbox 863 2512 962 2574; x_wconf 83' lang='lat' dir='ltr'>etiam</span> <span class='ocrx_word' id='word_1_218' title='bbox 976 2511 1156 2579; x_wconf 86' lang='lat' dir='ltr'>hominem.</span> 
     </span>
     <span class='ocr_line' id='line_1_28' title="bbox 140 2598 1155 2666; baseline 0.004 -4"><span class='ocrx_word' id='word_1_219' title='bbox 140 2599 246 2663; x_wconf 90' lang='lat' dir='ltr'>solum</span> <span class='ocrx_word' id='word_1_220' title='bbox 269 2599 355 2664; x_wconf 89' lang='lat' dir='ltr'>enim</span> <span class='ocrx_word' id='word_1_221' title='bbox 378 2598 521 2664; x_wconf 90' lang='lat' dir='ltr'>hominis</span> <span class='ocrx_word' id='word_1_222' title='bbox 541 2599 674 2663; x_wconf 83' lang='lat' dir='ltr'>exitium</span> <span class='ocrx_word' id='word_1_223' title='bbox 692 2598 812 2663; x_wconf 86' lang='lat' dir='ltr'>herbae</span> <span class='ocrx_word' id='word_1_224' title='bbox 832 2602 865 2663; x_wconf 83' lang='lat' dir='ltr'>et</span> <span class='ocrx_word' id='word_1_225' title='bbox 885 2600 1020 2664; x_wconf 89' lang='lat' dir='ltr'>semitae</span> <span class='ocrx_word' id='word_1_226' title='bbox 1038 2599 1155 2666; x_wconf 87' lang='lat' dir='ltr'>funda·</span> 
     </span>
    </p>

    <p class='ocr_par' dir='ltr' id='par_1_5' title="bbox 59 2686 1156 2772">
     <span class='ocr_line' id='line_1_29' title="bbox 59 2686 1156 2772; baseline -0.003 -14"><span class='ocrx_word' id='word_1_227' title='bbox 59 2701 174 2759; x_wconf 82' lang='lat' dir='ltr'><strong>XLVIII</strong></span> <span class='ocrx_word' id='word_1_228' title='bbox 184 2690 338 2751; x_wconf 89' lang='lat' dir='ltr'>mentum.</span> <span class='ocrx_word' id='word_1_229' title='bbox 366 2687 401 2750; x_wconf 91' lang='lat' dir='ltr'>in</span> <span class='ocrx_word' id='word_1_230' title='bbox 420 2687 584 2770; x_wconf 88' lang='lat' dir='ltr'>segetibus</span> <span class='ocrx_word' id='word_1_231' title='bbox 604 2692 712 2751; x_wconf 90' lang='lat' dir='ltr'>autem</span> <span class='ocrx_word' id='word_1_232' title='bbox 731 2686 928 2753; x_wconf 84' lang='lat' dir='ltr'>frumentum</span> <span class='ocrx_word' id='word_1_233' title='bbox 943 2710 1006 2772; x_wconf 92' lang='lat' dir='ltr'>quo</span> <span class='ocrx_word' id='word_1_234' title='bbox 1028 2689 1156 2755; x_wconf 85' lang='lat' dir='ltr'>culmus</span> 
     </span>
    </p>
   </div>
   <div class='ocr_carea' id='block_1_3' title="bbox 39 2912 1157 3268">
    <p class='ocr_par' dir='ltr' id='par_1_6' title="bbox 39 2912 1157 3199">
     <span class='ocr_line' id='line_1_30' title="bbox 229 2912 1156 2986; baseline 0.008 -21"><span class='ocrx_word' id='word_1_235' title='bbox 229 2913 245 2965; x_wconf 72' lang='lat'><strong>2</strong></span> <span class='ocrx_word' id='word_1_236' title='bbox 265 2912 339 2980; x_wconf 92' lang='lat' dir='ltr'>quod</span> <span class='ocrx_word' id='word_1_237' title='bbox 357 2914 450 2967; x_wconf 88' lang='lat' dir='ltr'>tectae</span> <span class='ocrx_word' id='word_1_238' title='bbox 470 2913 537 2981; x_wconf 90' lang='lat' dir='ltr'>(quo</span> <span class='ocrx_word' id='word_1_239' title='bbox 556 2914 631 2968; x_wconf 86' lang='lat' dir='ltr'>tecte</span> <span class='ocrx_word' id='word_1_240' title='bbox 649 2914 719 2983; x_wconf 78' lang='lat' dir='ltr'>Pol„</span> <span class='ocrx_word' id='word_1_241' title='bbox 739 2913 814 2982; x_wconf 91' lang='lat' dir='ltr'>quod</span> <span class='ocrx_word' id='word_1_242' title='bbox 834 2915 929 2969; x_wconf 81' lang='lat' dir='ltr'>tectae</span> <span class='ocrx_word' id='word_1_243' title='bbox 944 2915 1070 2983; x_wconf 78' lang='lat' dir='ltr'>plurimo</span> <span class='ocrx_word' id='word_1_244' title='bbox 1089 2933 1156 2986; x_wconf 80' lang='lat' dir='ltr'>opo·</span> 
     </span>
     <span class='ocr_line' id='line_1_31' title="bbox 39 2983 1157 3066; baseline 0.003 -27"><span class='ocrx_word' id='word_1_245' title='bbox 39 3002 43 3010; x_wconf 92' lang='lat'>·</span> <span class='ocrx_word' id='word_1_246' title='bbox 140 2983 258 3053; x_wconf 73' lang='lat' dir='ltr'>propia)</span> <span class='ocrx_word' id='word_1_247' title='bbox 331 2984 517 3054; x_wconf 84' lang='lat' dir='ltr'>3coguntur]</span> <span class='ocrx_word' id='word_1_248' title='bbox 536 2984 684 3052; x_wconf 85' lang='lat' dir='ltr'>tinguntur</span> <span class='ocrx_word' id='word_1_249' title='bbox 755 2987 855 3066; x_wconf 78' lang='lat' dir='ltr'>4atq3</span> <span class='ocrx_word' id='word_1_250' title='bbox 875 2988 953 3040; x_wconf 87' lang='lat' dir='ltr'>sator</span> <span class='ocrx_word' id='word_1_251' title='bbox 1024 2988 1157 3042; x_wconf 74' lang='lat' dir='ltr'>bsolent</span> 
     </span>
     <span class='ocr_line' id='line_1_32' title="bbox 141 3052 1157 3126; baseline 0.007 -18"><span class='ocrx_word' id='word_1_252' title='bbox 141 3054 268 3125; x_wconf 83' lang='lat' dir='ltr'>6tepor]</span> <span class='ocrx_word' id='word_1_253' title='bbox 290 3057 417 3123; x_wconf 84' lang='lat' dir='ltr'>tempore</span> <span class='ocrx_word' id='word_1_254' title='bbox 497 3055 657 3109; x_wconf 70' lang='lat' dir='ltr'>tradicum</span> <span class='ocrx_word' id='word_1_255' title='bbox 739 3056 888 3111; x_wconf 82' lang='lat' dir='ltr'>matenem</span> <span class='ocrx_word' id='word_1_256' title='bbox 906 3052 1064 3126; x_wconf 87' lang='lat' dir='ltr'>(materiam</span> <span class='ocrx_word' id='word_1_257' title='bbox 1088 3059 1115 3114; x_wconf 88' lang='lat' dir='ltr'><strong><em>V</em></strong></span> <span class='ocrx_word' id='word_1_258' title='bbox 1131 3065 1157 3114; x_wconf 81' lang='lat' dir='ltr'>ec</span> 
     </span>
     <span class='ocr_line' id='line_1_33' title="bbox 139 3126 1154 3199; baseline 0.004 -19"><span class='ocrx_word' id='word_1_259' title='bbox 139 3126 277 3181; x_wconf 78' lang='lat' dir='ltr'>nonnulla</span> <span class='ocrx_word' id='word_1_260' title='bbox 287 3127 457 3196; x_wconf 80' lang='lat' dir='ltr'>apopropba)</span> <span class='ocrx_word' id='word_1_261' title='bbox 514 3133 547 3180; x_wconf 91' lang='lat'>10</span> <span class='ocrx_word' id='word_1_262' title='bbox 561 3128 663 3181; x_wconf 88' lang='lat' dir='ltr'>natura</span> <span class='ocrx_word' id='word_1_263' title='bbox 676 3126 792 3196; x_wconf 88' lang='lat' dir='ltr'>aliquod</span> <span class='ocrx_word' id='word_1_264' title='bbox 848 3133 880 3182; x_wconf 82' lang='lat'>19</span> <span class='ocrx_word' id='word_1_265' title='bbox 896 3143 929 3182; x_wconf 87' lang='lat' dir='ltr'>ac</span> <span class='ocrx_word' id='word_1_266' title='bbox 943 3128 962 3181; x_wconf 88' lang='lat' dir='ltr'><strong>fi</strong></span> <span class='ocrx_word' id='word_1_267' title='bbox 976 3133 1020 3197; x_wconf 87' lang='lat' dir='ltr'>(ac</span> <span class='ocrx_word' id='word_1_268' title='bbox 1034 3129 1103 3183; x_wconf 87' lang='lat' dir='ltr'>ficus</span> <span class='ocrx_word' id='word_1_269' title='bbox 1116 3129 1154 3199; x_wconf 88' lang='lat' dir='ltr'>V)</span> 
     </span>
    </p>

    <p class='ocr_par' dir='ltr' id='par_1_7' title="bbox 140 3196 1003 3268">
     <span class='ocr_line' id='line_1_34' title="bbox 140 3196 1003 3268; baseline 0 -17"><span class='ocrx_word' id='word_1_270' title='bbox 140 3203 173 3252; x_wconf 79' lang='lat'>22</span> <span class='ocrx_word' id='word_1_271' title='bbox 193 3197 297 3268; x_wconf 71' lang='lat' dir='ltr'>uernis]</span> <span class='ocrx_word' id='word_1_272' title='bbox 316 3196 393 3267; x_wconf 89' lang='lat' dir='ltr'>prius</span> <span class='ocrx_word' id='word_1_273' title='bbox 448 3203 482 3251; x_wconf 78' lang='lat'>23</span> <span class='ocrx_word' id='word_1_274' title='bbox 501 3196 616 3252; x_wconf 89' lang='lat' dir='ltr'>herbam</span> <span class='ocrx_word' id='word_1_275' title='bbox 978 3200 1003 3234; x_wconf 68' lang='lat'>·‚</span> 
     </span>
    </p>
   </div>
   <div class='ocr_carea' id='block_1_4' title="bbox 142 3427 1156 3558">
    <p class='ocr_par' dir='ltr' id='par_1_8' title="bbox 142 3427 1156 3558">
     <span class='ocr_line' id='line_1_35' title="bbox 230 3427 1156 3499; baseline 0.002 -15"><span class='ocrx_word' id='word_1_276' title='bbox 230 3430 350 3497; x_wconf 84' lang='lat' dir='ltr'>6tepor</span> <span class='ocrx_word' id='word_1_277' title='bbox 375 3429 481 3498; x_wconf 86' lang='lat' dir='ltr'>Popma</span> <span class='ocrx_word' id='word_1_278' title='bbox 590 3434 605 3483; x_wconf 72' lang='lat'>&#39;1</span> <span class='ocrx_word' id='word_1_279' title='bbox 634 3427 771 3483; x_wconf 89' lang='lat' dir='ltr'>radieium</span> <span class='ocrx_word' id='word_1_280' title='bbox 806 3427 950 3485; x_wconf 75' lang='lat' dir='ltr'>Charisius</span> <span class='ocrx_word' id='word_1_281' title='bbox 970 3435 1156 3499; x_wconf 77' lang='lat' dir='ltr'>p.142,14</span> 
     </span>
     <span class='ocr_line' id='line_1_36' title="bbox 142 3497 1155 3558; baseline 0.007 -7"><span class='ocrx_word' id='word_1_282' title='bbox 142 3503 175 3552; x_wconf 82' lang='lat'>19</span> <span class='ocrx_word' id='word_1_283' title='bbox 195 3513 228 3552; x_wconf 88' lang='lat' dir='ltr'>ac</span> <span class='ocrx_word' id='word_1_284' title='bbox 246 3498 315 3553; x_wconf 89' lang='lat' dir='ltr'>ficus</span> <span class='ocrx_word' id='word_1_285' title='bbox 333 3497 362 3555; x_wconf 81' lang='lat' dir='ltr'>ui</span> <span class='ocrx_word' id='word_1_286' title='bbox 378 3505 402 3554; x_wconf 81' lang='lat' dir='ltr'>et</span> <span class='ocrx_word' id='word_1_287' title='bbox 421 3503 554 3555; x_wconf 78' lang='lat' dir='ltr'>corrector</span> <span class='ocrx_word' id='word_1_288' title='bbox 572 3500 674 3555; x_wconf 80' lang='lat' dir='ltr'>codicis</span> <span class='ocrx_word' id='word_1_289' title='bbox 692 3499 853 3555; x_wconf 78' lang='lat' dir='ltr'>Florentiac&#39;</span> <span class='ocrx_word' id='word_1_290' title='bbox 946 3506 981 3555; x_wconf 83' lang='lat'>23</span> <span class='ocrx_word' id='word_1_291' title='bbox 1000 3500 1089 3556; x_wconf 86' lang='lat' dir='ltr'>herba</span> <span class='ocrx_word' id='word_1_292' title='bbox 1106 3519 1155 3558; x_wconf 84' lang='lat' dir='ltr'>mc</span> 
     </span>
    </p>
   </div>
   <div class='ocr_carea' id='block_1_5' title="bbox 0 0 1240 3938">
    <p class='ocr_par' dir='ltr' id='par_1_9' title="bbox 0 0 1240 3938">
     <span class='ocr_line' id='line_1_37' title="bbox 0 0 1240 3938; baseline 0 0"><span class='ocrx_word' id='word_1_293' title='bbox 0 0 1240 3938; x_wconf 95' lang='lat' dir='ltr'> </span> 
     </span>
    </p>
   </div>
  </div>
 </body>
</html>
