2452 3938
336 797 383 869 n.
407 795 622 869 ananum
650 758 892 869 vnaaorus

170 933 327 1000 RERVM
349 933 637 1000 RVSTIOARVM
660 934 720 999 DE
742 934 802 999 Ru
826 932 1055 1001 PEOVARIA

415 1058 548 1124 LIBER
571 1057 804 1126 SECVNDVS

192 1217 266 1283 Viri
294 1218 405 1372 magpi
431 1219 536 1283 nostri
562 1220 702 1284 maiores
724 1241 792 1284 non
815 1221 883 1284 sinc
907 1240 1007 1284 causa
1029 1240 1114 1305 prae·

103 1308 268 1411 ponebant
300 1309 439 1372 rusticos
471 1308 637 1373 Romanos
670 1309 810 1373 urbanis.
863 1312 900 1372 ut
929 1309 1001 1373 ruri
1032 1309 1141 1373 enimi

105 1397 161 1482 qui
183 1396 320 1461 invilla
343 1397 489 1462 vivunt
479 1398 673 1482 rgnaviores,
697 1418 800 1499 quam·
819 1396 874 1481 qui
888 1396 931 1460 in
950 1418 1031 1482 agro
1050 1418 1113 1461 ver-

104 1488 258 1551 santur'
249 1509 282 1550 1n
315 1485 424 1569 aliquo
457 1507 554 1569 opere
583 1485 745 1569 faciendo,
774 1486 820 1550 sic
851 1484 907 1569 qui
936 1486 972 1550 in
1000 1485 1113 1571 oppido

104 1575 261 1657 sederent,
285 1596 382 1657 quam
405 1574 461 1658 qui
484 1596 561 1639 rura
584 1575 742 1657 colerent,
771 1573 1002 1639 desidiosiores
1025 1578 1113 1659 puta·

103 1663 251 1726 banti
238 1665 349 1746 rtaque
380 1684 500 1726 annum
529 1663 577 1726 ita
607 1624 799 1747 diviserdnt,
828 1665 866 1726 ut
894 1662 992 1727 nonis
1024 1661 1113 1727 modo

105 1751 218 1814 diebus
237 1751 378 1814 urbanas
397 1771 449 1813 res
467 1754 671 1835 usurparent,
694 1750 826 1835 reliquis
846 1755 972 1835 septem
991 1754 1029 1816 ut
1046 1768 1141 1816 rursu

71 1846 92 1903 ‘2
105 1839 258 1905 colerent.
296 1839 380 1923 quod
405 1839 480 1903 dum
500 1843 709 1904 servaverunt
728 1838 924 1923 institutum,
947 1842 1113 1924 utrumque

103 1932 179 1993 sunt
203 1928 376 2012 consecuti,
399 1931 436 1992 ut
458 1931 492 1992 et
515 1928 641 1993 cultura
665 1949 762 2013 agros
785 1927 1035 1993 fecundissimos
1063 1928 1114 1993 ha

103 2019 220 2081 herent
243 2021 276 2081 et
297 2017 361 2101 ipsi
384 2016 569 2082 valetudine
588 2017 746 2082 firmiores
766 2021 883 2101 essent,
902 2039 940 2082 ac
957 2038 1000 2081 ne
1020 2016 1114 2082 Grae-

98 2126 214 2170 corum
237 2107 363 2170 urbana
386 2105 607 2170 desiderarent
630 2106 808 2190 gymnasia.
855 2128 937 2189 quae
960 2127 1049 2172 nunc
1067 2106 1114 2172 vix

104 2194 184 2259 satis
213 2194 343 2279 singula
371 2198 460 2278 sunt,
492 2216 552 2259 nec
579 2198 698 2278 putant
726 2216 759 2259 se
788 2194 907 2258 habere
935 2193 1067 2280 villam,
1092 2193 1115 2258 si
1125 2209 1143 2252 u

102 2305 170 2348 non
198 2284 310 2348 multis
338 2283 504 2348 vocabulis
528 2284 690 2348 retineant
714 2283 854 2367 graecis,
882 2304 981 2367 quom
1005 2286 1116 2349 vocent

102 2372 326 2457 particulatim
343 2372 425 2455 loca,
446 2375 653 2456 procoetona,
673 2372 880 2456 palaestram,
898 2371 1116 2456 apodyterion,

74 2461 293 2545 3peristylon,
317 2461 500 2538 ornithone,
526 2461 723 2544 peripteron,
747 2461 973 2545 oporothecen.
1019 2461 1116 2547 igitur

104 2548 187 2632 quod
220 2570 305 2613 nunc
342 2549 429 2612 intra
461 2571 589 2613 murum
620 2550 688 2613 fere
723 2554 833 2632 patres
866 2548 1012 2614 familiae
1047 2571 1117 2615 con·

102 2640 273 2720 repserunt
304 2637 425 2700 relictis
457 2636 541 2701 falce
574 2640 607 2701 et
638 2642 746 2702 aratro
781 2641 813 2702 et
844 2660 960 2703 manus
990 2654 1147 2704 moveres

103 2726 288 2789 maluerunt
310 2725 345 2788 in
367 2725 498 2789 theatro
523 2748 560 2790 ac
583 2726 682 2809 circo,
711 2748 808 2811 quam
835 2726 870 2790 in
893 2728 1061 2812 segetibus
1084 2747 1116 2792 ac

103 2813 237 2896 vinetis,
265 2815 331 2894 [ao]
361 2813 560 2879 frumentum
589 2815 733 2880 locamus
762 2816 817 2899 qui
844 2814 941 2879 nobis
971 2816 1118 2897 advehet,

105 2902 160 2986 qui
188 2907 240 2966 sat
226 2902 290 2965 turi
316 2901 432 2967 fiamus
461 2924 499 2966 ex
527 2902 640 2968 Africa
668 2907 701 2967 et
731 2903 895 2998 Sardinia,
924 2906 958 2968 ct
980 2905 1117 2970 navibus

193 3076 383 3147 tignariores
496 3082 529 3131 16
548 3078 645 3149 quom]
665 3094 751 3146 quum
770 3077 849 3145 (quin
872 3077 940 3132 Vet
928 3080 1118 3149 tupoyruphu

102 3149 250 3218 nonnulla)
360 3154 393 3203 17
412 3155 587 3218 procoecona
672 3147 842 3218 podyterion
860 3148 1059 3218 (apodyterion
1081 3149 1117 3217 V)

103 3225 137 3272 22
158 3219 261 3274 aducat
333 3225 367 3273 23
388 3220 513 3289 aphryca

192 3377 388 3448 tignaniores
407 3383 468 3433 cet
456 3377 636 3434 tOelumella
655 3379 678 3431 I
688 3378 781 3448 praef.
803 3382 838 3433 17
896 3384 929 3433 17
949 3386 1124 3448 procoetona

104 3446 264 3505 Politeuaue
335 3455 369 3506 22
389 3465 422 3504 ae
441 3454 504 3504 aute
522 3448 693 3504 frumentum
712 3449 809 3506 deleuit
826 3450 973 3506 Iuormdus
