2452 3938
105 178 173 242 164
517 155 701 232 vinnons

103 325 137 386 et
159 323 332 404 salsarum,
357 323 495 386 alterum
519 322 604 405 apud
627 321 756 405 plebem
781 327 813 387 et
830 343 893 387 ucu
912 323 982 386 sine
1000 323 1121 409 fructu,

103 412 158 475 ubi
187 411 341 495 lymphae
374 432 493 495 aquam
523 411 666 495 piscibus
694 411 814 474 nostris
843 411 993 475 villaticis
1025 413 1120 476 mini-

102 504 222 564 strant:
254 500 331 564 illae
355 504 471 564 autem¹
486 499 669 563 maritimae
692 499 836 582 piscinae
858 498 1029 584 nobilium,
1053 503 1122 584 qui·

101 589 163 652 bus
182 587 354 671 Neptunus
378 592 410 652 et
433 610 550 673 aquam
574 590 607 651 et
629 587 728 672 piscis
753 588 927 669 ministrat,
949 589 1056 674 magis
1079 593 1121 655 ad

102 677 213 742 oculos
236 678 413 761 pertinent,
435 699 533 760 quam
558 675 598 740 ad
621 676 770 758 vesicam,
793 680 826 739 et
849 677 958 760 potius
982 680 1118 762 marsip-
1148 696 1160 737 e

101 766 192 848 pium
215 765 339 829 domini
363 765 562 848 exinaniunt,
585 785 683 848 quam
701 765 836 848 inplent.
872 765 1013 848 primum
1032 769 1120 832 enim

103 853 315 918 aedificantur
338 875 470 939 magno,
498 853 638 918 secundo
661 853 828 936 inplentur
856 875 992 938 magno,
1019 857 1120 920 tertio

73 943 235 1008 3aluntur
258 946 387 1027 magnoss
423 941 541 1006 Hirrus
562 941 682 1005 circum
705 942 847 1025 piscinas
871 964 947 1007 suas
971 964 1009 1006 ex
1032 944 1118 1007 aedi-

101 1030 185 1094 ficiis
214 1030 361 1095 duodena
389 1031 480 1094 milia
508 1031 658 1094 sestertia
685 1030 841 1113 capiebat.
887 1052 959 1094 eam
988 1051 1116 1094 omnem

103 1119 282 1182 mercedem
302 1119 394 1201 escis,
413 1140 492 1202 quas
512 1118 611 1183 dabat
628 1118 779 1202 piscibus,
798 1120 1020 1183 consumebat.
1048 1141 1115 1184 non
1129 1141 1155 1179 rc

102 1207 234 1270 mirum:
267 1228 330 1270 uno
354 1210 500 1291 tempore
525 1208 611 1270 enim
634 1207 766 1270 memini
789 1206 875 1270 hune
898 1205 1031 1271 Caesari
1055 1207 1118 1273 duo

102 1295 194 1358 milia
217 1317 424 1360 murenarum
448 1299 560 1360 mutua
584 1295 742 1359 dedisse
733 1316 767 1358 1n
787 1296 915 1378 pondus
934 1301 967 1360 et
986 1299 1120 1379 propter

101 1384 238 1466 piscium
268 1385 510 1450 multitudinem
530 1383 731 1486 quadragies
760 1385 910 1449 sestertio
934 1384 1045 1448 villam
1068 1407 1120 1448 ve·

102 1472 199 1538 nisse
245 1495 326 1556 quae
359 1477 472 1538 nostra
504 1473 628 1555 piscina
659 1471 785 1554 plebeia
818 1494 854 1537 ac
883 1472 1117 1537 mediterranea

102 1566 188 1624 recte
214 1561 291 1626 dicit
277 1565 330 1625 tur
353 1563 456 1626 dulcis
480 1567 512 1625 et
535 1561 592 1625 illa
616 1582 735 1624 amara
774 1560 844 1643 quis
866 1561 951 1624 enim
970 1566 1116 1626 nostrum
1131 1581 1158 1621 15

103 1670 168 1713 non
191 1672 256 1714 una
280 1654 451 1714 contentus
476 1653 526 1712 est
543 1650 604 1713 hac
623 1648 770 1731 piscina?
800 1649 872 1734 quis
892 1653 1006 1714 contra
1025 1650 1120 1714 mari·

102 1742 211 1801 tumas
248 1758 314 1800 non
347 1753 386 1801 ex
417 1737 551 1822 piscinis
584 1738 723 1822 singulis
757 1738 894 1820 [plures]
928 1738 1121 1803 coniunctas

72 1825 204 1890 4habet
225 1825 351 1908 pluris?
380 1848 458 1889 nam
481 1831 518 1888 ut
536 1825 672 1889 Pausias
693 1830 725 1889 et
749 1825 848 1890 ceteri
870 1827 1012 1909 pictores
1038 1828 1122 1892 eius-

104 1914 177 1978 dem
208 1913 335 1998 generis
367 1914 525 1978 loculatas
559 1933 695 1996 magnas
728 1914 851 1978 habent
883 1914 1024 1992 arculas,
1064 1917 1124 1980 ubi

104 2003 278 2067 discolores
302 2004 369 2067 sint
392 2025 493 2086 cerae,
517 2002 563 2067 sic
586 2002 622 2065 hi
644 2003 803 2068 loculatas
826 2001 947 2067 habent
965 2003 1123 2088 piscinas,
1137 2023 1161 2063 sc

103 2091 160 2156 ubi
190 2091 335 2174 dispares
364 2092 520 2156 disclusos
548 2091 672 2155 habent
703 2093 822 2176 pisces,
856 2112 952 2174 quos,
983 2093 1123 2174 proinde

104 2183 141 2243 ut
170 2179 254 2243 sacri
282 2181 348 2244 sint
376 2202 413 2244 ac
437 2180 615 2244 sanctiores
639 2201 736 2264 quam
759 2179 811 2242 illi
834 2179 869 2243 in
891 2179 1006 2264 Lydia,
1038 2203 1122 2265 quos

106 2267 302 2332 sacrificanti
329 2268 404 2351 tibi,
432 2267 552 2352 Varro,
580 2267 620 2332 ad
647 2269 814 2332 tibicinem
845 2270 1025 2350 [graecum]
1052 2291 1123 2354 gre·

106 2357 210 2442 gatim
233 2358 360 2421 venisse
383 2357 512 2422 dicebas
536 2356 576 2420 ad
600 2360 778 2420 extremum
802 2358 878 2421 litus
903 2359 999 2440 atque
1019 2379 1123 2443 arem,

104 2445 190 2528 quod
219 2467 274 2509 eos
303 2467 416 2528 capere
445 2446 577 2509 auderet
604 2467 712 2528 nemo,
740 2467 812 2509 cum
836 2445 949 2509 eodem
973 2448 1121 2529 tempore
1136 2464 1161 2504 2⁵

104 2535 229 2598 insulas
249 2533 412 2617 Lydorum
430 2534 476 2599 ibi
495 2533 698 2618 χορευούσας
716 2534 861 2616 vidisses,
879 2534 925 2597 sic
943 2533 1004 2597 hos
1020 2536 1120 2617 piscis

74 2629 199 2687 enemo
225 2643 320 2687 cocus
343 2623 377 2686 in
400 2624 450 2687 ius
469 2644 584 2688 vocare
608 2624 714 2686 audet.
756 2621 895 2698 Quintus
914 2620 1117 2705 Hortensius,

196 2767 285 2814 lnou
309 2776 359 2815 cm.
432 2766 448 2813 2
471 2760 624 2829 piscinibus
652 2759 754 2814 nostris
778 2757 905 2828 (piscinis
928 2760 1033 2814 nostris
1055 2759 1120 2814 Vct

104 2831 242 2884 manullo
265 2832 441 2901 upoyrupbu)
521 2834 589 2886 lut
607 2848 708 2899 aquam
727 2833 756 2885 et
773 2829 897 2900 piscibus
970 2831 1122 2900 tmassip·

106 2902 184 2971 pium
257 2901 394 2955 Shirrius
467 2903 621 2956 9sestaria
686 2907 719 2956 14
737 2900 845 2970 piscina
864 2917 897 2956 ac
916 2901 1123 2956 mediterranea

103 2970 219 3040 plebeia
257 2978 290 3026 15
309 2972 400 3026 dulcis
421 2973 450 3026 et
467 2971 520 3026 illa
533 2976 562 3028 et
575 2971 626 3028 illa
639 2988 735 3027 amara
749 2972 849 3040 (dulcis
864 2973 894 3026 et
906 2970 957 3026 ille
971 2989 1068 3027 amara
1082 2973 1123 3041 V)

46 3083 49 3087 -
105 3048 139 3096 20
165 3043 258 3114 cerae]
284 3045 376 3098 cetera
447 3044 494 3098 hic
517 3045 654 3098 loculatas
677 3044 763 3098 habet
839 3049 873 3097 23
897 3043 1056 3096 sacrificant
1081 3043 1124 3098 ibi

105 3119 139 3168 23
159 3113 314 3169 tubicinum
351 3119 386 3168 24
406 3114 497 3183 adque
533 3115 754 3170 26‘ludon0rnm
768 3114 808 3168 ibi
824 3129 954 3168 cereusas
992 3114 1057 3185 hos]
1071 3131 1123 3169 nos

105 3190 139 3239 27
159 3186 317 3240 hortensius
335 3185 449 3254 quintus

196 3315 210 3362 1
230 3325 285 3363 non
305 3309 364 3363 sine
383 3309 477 3364 fructu
498 3308 633 3364 Gesuerus
696 3315 729 3363 19
749 3325 866 3378 magnas
884 3309 980 3364 delevit
1004 3309 1124 3364 Ursinus

105 3385 140 3432 20
159 3395 239 3432 cerae
264 3381 402 3435 Victorius
472 3380 503 3434 hi
521 3379 658 3435 loculatas
684 3381 826 3435 habente
897 3385 931 3434 23
952 3379 1124 3434 sacrificanti

102 3449 157 3502 tibi
173 3451 325 3505 Iracundus
392 3449 535 3505 tibicinem
555 3452 702 3506 Iucundus
764 3457 798 3505 26
817 3450 955 3520 Lydorum
977 3451 1125 3507 Turnebus

86 3519 194 3574 aduena
215 3525 286 3589 46
346 3522 400 3579 bos
419 3522 542 3594 piscisc
598 3528 631 3579 22
654 3521 776 3588 Quintus
789 3523 958 3577 Hortensius
977 3523 1125 3577 ruaudus
