2452 3938
127 161 192 225 156
537 160 724 215 VARRONIS

52 321 55 325 ’
125 304 205 370 belli
231 305 364 371 habent.
414 306 483 390 sed,
511 327 529 371 ο
557 304 695 390 Merula,
722 303 825 369 Axius
848 309 965 370 noster⁴
983 326 1034 390 nc,
1066 306 1143 371 dum

125 393 205 459 haec
229 395 320 458 audit
341 394 486 478 physica,
514 398 704 472 marcescat,
736 394 822 478 quod
850 394 890 458 de
919 393 1029 460 fructu
1059 394 1143 459 nihil

126 481 201 568 dixi,
223 504 310 547 nunc
334 505 428 547 cursu
451 483 601 566 lampada
623 483 690 547 tibe
713 482 818 547 trado.

74 583 116 641 10
214 570 348 650 Merula,
372 571 421 635 De
438 572 555 654 fructu,
579 571 695 655 inquit,
713 570 775 635 hoc
794 571 876 655 dico,
895 570 981 654 quod
1000 569 1143 636 fortasse

126 681 167 723 an
194 660 256 724 tibi
285 660 365 724 satis
393 659 449 742 sit,
477 659 555 742 Axi,
589 660 624 724 in
655 681 718 744 quo
749 663 914 724 auctorem
941 658 1047 724 habeo
1076 681 1178 726 nous

126 748 232 812 solum
254 748 374 832 Scirem,
399 750 454 833 qui
478 747 602 814 alvaria
625 770 684 813 sua
708 748 816 812 locata
839 748 941 812 habet
966 748 1143 830 quotannis

126 837 233 919 quinis
251 837 383 902 milibus
402 837 511 921 pondo
530 837 646 920 mellis,
664 836 719 901 sed
739 837 839 901 etiam
859 837 944 901 hunc
958 835 1144 903 Varronem

124 929 282 1008 nostrum,
301 948 395 1009 quem
413 925 521 990 audivi
537 925 696 990 dicentem
715 925 778 990 duo
797 925 917 990 milites
937 947 971 989 se
989 925 1143 991 habuisse

125 1013 159 1076 in
187 1013 348 1098 Hispania
379 1014 498 1078 fratres
531 1012 686 1078 Veianios
718 1035 757 1077 ex
790 1035 869 1098 agro
897 1013 1027 1079 Falisco
1056 1016 1143 1080 locu·

125 1101 231 1184 pletis,
255 1103 372 1185 quibus
396 1123 468 1165 cum
492 1124 512 1165 a
534 1105 628 1185 patre
651 1102 767 1167 relicta
786 1107 872 1167 esset
891 1125 993 1186 parva
1012 1104 1093 1169 villa
1111 1106 1142 1168 et
1155 1128 1178 1169 ro

126 1190 251 1273 agellus
274 1211 339 1255 non
361 1211 438 1253 sane
456 1190 562 1254 maior
580 1191 692 1274 iugero
711 1212 784 1273 uno,
807 1191 868 1256 hos
887 1190 1010 1256 circum
1028 1192 1142 1257 villam

125 1279 231 1341 totam
255 1278 378 1343 alvaria
405 1279 520 1344 fecisse
548 1283 581 1343 et
607 1280 739 1343 hortum
768 1279 921 1344 habuisse
945 1302 984 1344 ac
1006 1282 1143 1346 relicum

127 1365 244 1448 thymo
269 1371 302 1431 et
326 1366 431 1450 cytiso
455 1368 622 1450 opsevisse
646 1371 679 1431 et
701 1368 862 1451 apiastro,
885 1368 970 1452 quod
995 1369 1053 1434 alii
1077 1391 1143 1434 me·

125 1454 295 1539 liphyllon‚
333 1455 389 1520 alii
430 1455 714 1538 melissophyllon,
752 1457 885 1539 quidam
916 1458 1143 1523 melittaenam

74 1555 113 1611 11
126 1544 303 1627 appellant.
329 1545 390 1609 hos
411 1566 588 1629 numquam
607 1544 722 1627 minus,
745 1549 782 1608 ut
799 1567 958 1630 peraeque
978 1546 1142 1629 ducerent,
1155 1569 1177 1610 a

126 1631 209 1696 dena
243 1632 335 1697 milia
368 1633 518 1697 sestertia
550 1654 589 1696 ex
619 1632 715 1697 melle
745 1635 887 1717 recipere
917 1656 989 1699 esse
1018 1635 1142 1717 solitos,

126 1741 199 1784 curn
228 1720 371 1785 dicerent
400 1720 482 1785 velle
506 1724 688 1805 expectare,
720 1725 758 1786 ut
780 1744 839 1787 suo
862 1723 972 1807 potius
995 1725 1142 1808 tempore

126 1811 339 1873 mercatorem
372 1808 594 1890 admitterent,
627 1831 725 1892 quam
755 1810 891 1876 celerius
920 1811 1036 1876 alieno.
1083 1812 1142 1877 Dic

44 1944 51 1952 .
124 1896 237 1980 igitur,
265 1897 379 1982 inquit,
413 1897 468 1961 ubi
496 1901 529 1960 et
556 1897 646 1961 cuius
677 1899 765 1963 modi
788 1921 839 1963 me
862 1899 968 1964 facere
991 1904 1143 1984 oporteat

74 1985 293 2068 12alvarium,
316 1989 352 2050 ut
375 2007 512 2071 magnos
536 1986 663 2069 capiam
685 1986 820 2051 fructus,
861 1988 930 2070 Ille,
953 1987 1177 2062 Melittonasa

125 2074 172 2137 ita
205 2074 310 2139 facere
344 2077 484 2158 oportet,
517 2095 597 2158 quos
630 2074 686 2139 alii
719 2076 928 2160 melitrophia
965 2078 1143 2162 appellant,

125 2160 258 2225 eandem
294 2184 363 2225 rem
402 2163 533 2246 quidam
569 2164 725 2227 mellaria.
784 2165 926 2248 primum
965 2167 1143 2231 secundum

125 2250 238 2314 villam
266 2250 486 2336 potissimum,
519 2252 576 2316 ubi
606 2273 673 2317 non
707 2257 859 2326 resonent
885 2253 1047 2338 imagines
1076 2253 1142 2338 (hic

125 2338 211 2402 enim
245 2361 342 2403 sonus
374 2339 490 2404 harum
521 2340 619 2425 fugae
652 2340 857 2406 existimatur
884 2362 955 2407 esse
983 2343 1004 2422 Τ
1032 2365 1142 2426 proce-

125 2425 223 2510 rum),
247 2449 316 2499 esse
340 2433 470 2511 oportet
493 2450 566 2493 aere
591 2431 651 2509 [et]
676 2432 866 2514 temperate,
888 2451 993 2513 neque
1017 2435 1176 2501 aestates

124 2515 250 2580 fervido
278 2538 381 2600 neque
408 2517 515 2582 hieme
543 2539 610 2582 non
638 2517 761 2601 aprico,
793 2522 831 2582 ut
857 2521 984 2602 spectet
1011 2520 1141 2602 potissi-

125 2625 214 2668 mum
245 2606 285 2669 ad
312 2605 466 2670 hibernos
495 2608 603 2688 ortus,
638 2606 693 2690 qui
720 2627 822 2692 prope
856 2628 890 2671 se
920 2606 993 2672 loca
1019 2607 1142 2673 habeat

73 2703 172 2775 13ea,
199 2692 256 2756 ubi
282 2693 439 2775 pabulum
468 2695 513 2758 sit
540 2694 692 2777 frequens
723 2698 756 2759 et
784 2716 868 2781 aqua
896 2717 987 2780 pura.
1035 2696 1065 2760 si
1087 2719 1141 2780 pa·

63 2821 66 2828 -
124 2781 237 2845 bulum
265 2783 414 2846 naturale
437 2803 503 2846 non
528 2788 590 2865 est,
618 2805 656 2847 ea
684 2786 813 2867 oportet
836 2783 1003 2849 dominum
1028 2806 1141 2867 serere,

216 2971 375 3028 lhabeant
443 2973 490 3028 axi
553 2973 734 3044 2physicam
752 2973 879 3030 achiscat
941 2976 1065 3048 3nunc]
1084 2993 1142 3031 non

124 3041 269 3110 linquid
343 3043 482 3100 edeium
500 3061 550 3100 om,
620 3046 796 3114 quodannis
873 3045 1034 3102 aneianios
1054 3047 1141 3116 (uela-

124 3113 185 3168 nios
202 3115 364 3183 apoqraptu
382 3114 543 3182 recentiora)
587 3120 618 3170 12
635 3117 772 3171 aluariam
815 3121 847 3170 13
867 3115 977 3185 cythisc
1026 3122 1060 3171 14
1084 3135 1142 3172 me-

124 3183 284 3256 littaenam]
305 3186 448 3241 mellinem
504 3193 536 3240 17
552 3202 615 3240 eum
634 3185 772 3258 dicerent]
792 3188 914 3242 cumeis
933 3190 962 3242 et
1016 3194 1053 3244 20
1071 3189 1139 3243 mel·

123 3252 228 3310 litones
300 3262 334 3310 22
354 3257 484 3328 eandem]
504 3259 603 3312 eodem
676 3263 800 3326 atquae

214 3438 228 3486 1
258 3433 364 3488 habent
389 3401 568 3489 Schneiderua
645 3435 730 3489 Axius
758 3452 773 3488 c
848 3441 864 3489 3
892 3451 966 3490 nunc
993 3435 1141 3492 Iucuadua

125 3508 158 3558 22
179 3504 296 3559 eandem
314 3522 373 3559 rem
391 3521 438 3560 mc
474 3509 509 3559 25
528 3521 591 3559 aere
610 3507 803 3576 temperator
840 3512 873 3561 2?
894 3507 943 3575 qui
961 3506 1100 3564 (desum
